2037 3787
410 144 975 202 AENntnos·

1054 142 1102 197 L
1124 161 1146 200 1
1166 163 1218 202 Β.
1263 144 1309 202 Ι.
1647 160 1730 229 7ς

153 251 348 309 Eurum
367 244 431 302 ad
446 242 498 303 se
516 243 921 325 Zephyrumque
938 264 1117 308 vocat.
1149 245 1336 304 dehinc
1352 248 1469 306 talia
1483 244 1613 311 fatur
1631 279 1648 315 ε

164 336 408 393 Tantane
427 349 521 387 vos
537 329 740 410 generis
757 329 922 387 tenuit
940 325 1126 387 fiducia
1141 328 1293 388 vestri
1310 333 1333 384 ?

163 418 278 494 Jam
293 411 475 470 caelum
492 427 790 492 tetramque
807 433 934 470 meo
949 412 1056 470 fine
1073 413 1286 471 numine
1305 451 1321 479 ,
1340 415 1502 482 venti,

30 632 194 677 fratrem
211 674 213 677 .
233 636 414 689 Junonis.
445 639 600 693 gemina
613 652 706 694 ergo
718 637 838 678 distin
847 664 857 669 -

35 692 116 734 ecio
129 694 182 734 'est
195 722 212 744 ‚
236 695 339 751 quod
353 693 486 749 &ipsa
500 698 653 738 Saturni
677 695 730 736 est
753 696 848 737 filia.

37 755 137 790 Serv.
236 756 241 761 ’

92 812 170 848 Nec
181 808 348 861 latuere]
379 813 550 850 Fratrem
575 808 718 851 sororis
731 809 851 851 studia

38 875 121 903 non
134 865 317 905 latebant.
335 870 600 921 Ergo,vocatis
614 869 753 914 ventis,
767 880 855 907 ora-

35 919 190 961 tionem
228 921 364 963 habuit
402 923 634 976 patheticam
657 954 671 970 ,
715 936 852 978 utpote

0 1000 10 1006 -
34 979 231 1019 commoti
242 980 383 1028 animi,
396 981 592 1022 abscissam
608 1012 620 1030 ,
633 981 736 1023 idest
756 1010 767 1027 ,
784 994 853 1021 nec

29 1035 260 1077 continuam
288 1051 357 1078 nec
378 1038 656 1092 compositam:
680 1038 756 1079 fuit
769 1038 854 1078 bre-

37 1091 94 1131 vis
109 1120 124 1140 ,
146 1095 238 1148 quia
251 1093 514 1136 subvenientis
526 1097 568 1135 in
582 1096 655 1137 hoc
667 1093 751 1138 casu
764 1109 847 1136 non

34 1159 116 1188 ctat
129 1152 253 1192 multa
263 1154 383 1208 loqui.
414 1159 585 1194 Donatus.

96 1211 269 1248 Fratrem.
287 1210 305 1261 ]
349 1214 585 1261 Neptunum.
620 1213 717 1250 Tres
741 1221 853 1251 erant

43 1266 198 1305 Saturni
221 1279 267 1307 ex
291 1271 378 1320 Ope
399 1267 497 1307 filii:
540 1268 643 1307 Hinc
667 1269 855 1323 epigram-

40 1332 106 1359 ma
125 1334 135 1358 ε

94 1378 275 1434 Juppiter
283 1376 376 1431 astra
387 1391 400 1425 3
409 1382 540 1435 fretum
555 1387 755 1437 Neptunu53
771 1388 859 1423 Tar-

181 1446 264 1475 tara
282 1439 395 1476 ‘Pluto

105 1495 227 1548 Regna
233 1505 386 1545 paterna
399 1506 522 1534 tenent
538 1511 551 1534 .·
564 1508 638 1536 tres
649 1498 723 1536 tria
741 1514 751 1544 3
764 1497 859 1552 quis:

42 1553 365 1645 Taubnzyuefimm.

99 1668 174 1703 Nec
182 1667 315 1703 latuere
326 1663 396 1702 doli
402 1666 593 1719 fratrem]
611 1667 769 1708 Retstiuc
785 1665 855 1707 da-

45 1717 464 1774 t-ivojungicontendit
478 1722 626 1779 Sciopp.
662 1725 704 1764 iu
730 1726 857 1778 prole-

48 1778 229 1828 gomenis
251 1780 342 1817 latet
351 1779 438 1818 mihi
451 1779 526 1819 dici
541 1809 553 1828 ,
567 1780 619 1822 'ut
628 1793 735 1838 patet
751 1783 857 1823 mihi.

44 1831 169 1886 Qem
185 1835 282 1876 vide.
312 1839 516 1891 Emmeneff?

69 1924 75 1929 ,
103 1903 188 1943 131.
222 1897 351 1932 Eurum
373 1893 425 1934 ad
438 1896 480 1947 [ἲν
501 1895 774 1951 Zephyrumque
795 1913 858 1937 vo-

45 1947 144 1999 cat.]
168 1951 236 1988 Per
248 1947 332 1995 hos,
346 1963 486 1990 omnes
497 1952 742 2007 intelligendi
759 1952 858 1993 sunt.

49 2001 114 2045 1sti
127 2007 236 2046 enim
247 2004 336 2047 sunt
366 2008 593 2052 cardinales.
628 2015 789 2051 Servius.

101 2062 263 2116 Atisim]
279 2068 328 2104 Et
343 2063 500 2106 hit-‚cur
513 2077 645 2106 tamen
660 2069 860 2124 Zephyrus,

12 2133 18 2136 ·
44 2116 116 2157 ait.
148 2121 272 2175 quiad
286 2122 441 2162 Italiam
453 2122 581 2170 ducit,
611 2137 726 2179 quern
740 2128 861 2166 Poeta

41 2167 152 2227 supra
177 2179 295 2220 tacuit
320 2192 422 2219 nunc
447 2192 630 2228 vocatur3
662 2183 772 2223 itain
784 2183 860 2224 hoc

45 2232 217 2284 Neptuni
230 2236 452 2288 exprimitur
467 2265 479 2283 ,
503 2236 530 2277 fi
547 2239 668 2279 etiam
681 2253 771 2281 eum
784 2239 862 2281 ob-

45 2287 196 2342 jurgat,
220 2292 286 2347 qui
303 2306 390 2333 non
403 2293 582 2336 adfuerit.
615 2297 727 2350 Idem.
819 2335 824 2339 .

104 2350 234 2387 Eurum
248 2350 555 2405 Zephyrumque]
575 2352 793 2406 Zephyrum
806 2353 867 2394 hic

43 2412 117 2454 pro
134 2403 289 2446 >Africo
314 2404 410 2446 sumi
436 2407 551 2448 docet
563 2410 733 2451 Turneb.
750 2412 776 2451 1.
797 2413 856 2454 18.

43 2458 130 2500 adv.
155 2474 259 2514 032.
293 2466 499 2519 Emmeneffi

119 2530 205 2567 ¹³2·
254 2523 459 2573 Tantcme.]
499 2525 585 2561 Hoc
607 2536 729 2576 genus
753 2524 864 2563 inve-

45 2572 192 2618 &ionis
219 2590 301 2617 non
322 2576 439 2618 habet
449 2579 682 2632 principium
699 2609 711 2628 ,
737 2582 776 2621 δι
790 2581 866 2619 cri-

47 2642 140 2671 men
171 2645 370 2688 exaggerat
397 2649 407 2673 z
434 2635 641 2676 ostendens
667 2638 756 2677 illos
781 2650 865 2677 non

43 2695 195 2729 mutum
207 2688 309 2731 suam
325 2722 337 2740 ‚
371 2690 432 2731 sed
448 2692 721 2734 hereditariam
735 2692 866 2735 sestati

43 2746 305 2789 temeritatem
321 2762 331 2787 τ
357 2749 460 2804 quod
473 2749 611 2790 vitium
626 2780 638 2798 ,
653 2752 742 2805 quia
755 2763 869 2792 natu-

46 2802 124 2842 rale
147 2803 200 2844 est
215 2833 227 2852 ,
255 2819 336 2846 non
362 2808 488 2859 potest
510 2809 726 2848 emendari.
773 2814 870 2849 Sunt

41 2859 151 2899 enim
165 2864 268 2902 venti
280 2861 300 2903 Ξ
315 2862 622 2919 gigantibus‚qui
637 2863 784 2907 bellum
796 2865 872 2906 diis

42 2913 190 2957 inferre
200 2918 273 2959 aufi
287 2918 373 2962 sunt
385 2949 397 2967 ,
412 2918 476 2961 sed
490 2935 626 2974 poenas
640 2922 795 2966 dedere.
814 2929 874 2965 0-

42 2970 186 3014 stendit
207 2976 322 3026 igitur
346 2990 483 3019 eorum
495 2977 567 3019 esst.
578 2980 744 3027 crimen,
765 2980 871 3036 quod

42 3028 302 3074 admiserant:
328 3033 402 3076 esse
430 3035 552 3078 etiarn
577 3037 772 3093 originale
785 3036 872 3080 san-

39 3087 182 3140 guiniS.
216 3096 388 3134 Donatus.

119 3150 264 3189 Generis
296 3149 436 3201 fiducia
474 3149 635 3207 vestra]
705 3149 874 3195 Asttaeus

1590 499 1723 561 Mis-

898 646 994 674 unus
1006 632 1053 673 de
1063 633 1273 675 Titanibus
1285 667 1298 685 ‚
1330 634 1395 692 qui
1407 647 1541 678 contra
1555 636 1651 679 deos
1660 636 1724 681 ata'

899 704 961 730 ma
984 689 1250 743 sumpserunt,
1279 705 1365 734 cum
1394 699 1548 734 Aurora
1574 708 1719 738 concu-

896 749 1007 788 buit:
1037 747 1140 787 unde
1172 750 1254 789 nati
1280 748 1367 791 sunt
1390 752 1494 791 venti
1510 749 1721 798 secundum

899 803 1123 844 Hesiodum.
1172 811 1221 845 Et
1248 806 1320 845 hoc
1347 809 1437 848 loco
1454 809 1625 858 fiduciam
1652 826 1724 866 pro

898 860 1136 901 confidentia
1149 860 1276 916 posuit
1291 876 1304 910 3
1320 878 1435 919 quum
1442 867 1578 916 fiducia
1589 869 1634 908 in
1647 866 1724 909 boss

901 919 962 958 nis
988 918 1100 959 rebus
1126 949 1139 969 ,
1179 920 1390 972 confidentia
1429 923 1472 963 in
1509 924 1623 966 malis
1659 924 1716 970 fit.

900 979 1059 1016 Servius.
1714 977 1724 999 ⁷

957 1033 1143 1086 Generis.]
1172 1037 1264 1075 Non
1278 1036 1474 1075 maculant
1483 1034 1587 1077 filios
1597 1051 1727 1092 pater-

903 1103 951 1129 na
973 1089 1134 1131 scelera:
1160 1093 1386 1145 polluuntur
1400 1105 1534 1134 tamen
1547 1094 1574 1135 fi
1586 1097 1650 1138 illa
1664 1096 1725 1139 se=

902 1150 1069 1192 stantur.
1098 1154 1272 1191 Donatus.

961 1200 1123 1247 Tantane
1150 1224 1210 1247 vos
1229 1208 1372 1263 generis
1383 1207 1649 1257 tenuitfiducia
1659 1205 1729 1251 ’νεὶ

896 1262 1006 1317 stri.]
1038 1263 1260 1317 Abruptum
1284 1265 1608 1306 exordiumiratis
1627 1281 1724 1308 con·

903 1322 1026 1370 venir,
1041 1323 1082 1360 in
1105 1321 1244 1375 quibus
1266 1324 1405 1376 ingens
1417 1319 1553 1362 reficiet
1565 1319 1727 1371 πυὲΘΘύἶ

905 1379 1020 1418 Talia
1032 1379 1192 1433 collegit
1205 1379 1381 1420 Mactob.
1406 1380 1431 1419 l.
1448 1393 1488 1430 4.
1506 1392 1536 1419 c.
1558 1395 1598 1422 2.
1632 1384 1721 1425 Cic.

906 1438 1030 1476 Catil.
1045 1448 1074 1475 c.
1095 1449 1128 1475 Ι.
1163 1441 1355 1495 Quasque
1370 1436 1515 1476 tandem
1530 1466 1542 1484 ,
1566 1442 1727 1492 abutere,

909 1497 1073 1533 Catilina
1086 1523 1098 1541 ,
1103 1496 1284 1548 patientia
1295 1494 1426 1548 nostra?
1457 1496 1696 1538 Emmeneffi

967 1563 1010 1603 13
1023 1564 1039 1602 3
1051 1579 1060 1590 .
1092 1552 1191 1607 Jam
1200 1555 1322 1592 coelum
1333 1553 1556 1606 terramque]
1569 1559 1651 1595 Aut
1663 1567 1729 1595 or*-

904 1605 959 1647 do
973 1607 1040 1647 est:
1054 1607 1144 1648 Aufi
1157 1607 1248 1647 estis
1265 1607 1341 1648 sine
1356 1622 1446 1648 meo
1461 1612 1626 1650 numine
1640 1624 1729 1653 tan-

908 1675 966 1702 tas
982 1666 1107 1704 moles
1122 1666 1262 1704 tollere
1276 1694 1288 1712 ‚
1317 1667 1357 1706 δε
1369 1667 1514 1706 coelum
1530 1667 1728 1724 terrasque

907 1720 1088 1764 turbare?
1112 1725 1177 1763 aut
1188 1722 1400 1763 certeillud
1413 1723 1466 1763 est
1484 1752 1498 1771 ‚
1524 1727 1628 1779 quod
1655 1730 1733 1770 tria

907 1777 982 1818 haec
1008 1781 1197 1826 numina,
1223 1780 1314 1820 licet
1336 1777 1462 1826 divisa,
1480 1782 1646 1836 imperia
1670 1797 1732 1825 te-

907 1847 1054 1884 neant,
1082 1837 1262 1878 videntur
1286 1849 1420 1878 tamen
1433 1839 1602 1880 invicem
1617 1843 1731 1896 tegni

904 1894 1027 1934 totius
1052 1893 1193 1935 habete
1204 1894 1436 1948 potestatem
1453 1909 1462 1933 :
1491 1895 1582 1938 ficut
1595 1901 1632 1938 ὅ(
1648 1899 1727 1953 ipsa

904 1952 1099 1991 elementa
1111 1980 1123 1999 ,
1138 1965 1219 2007 quae
1233 1953 1408 1994 retinent
1421 1983 1434 2001 ,
1459 1953 1606 2009 physica
1629 1957 1733 2000 inter

904 2006 942 2048 se
964 2008 1130 2063 quadam
1154 2010 1305 2050 ratione
1335 2011 1561 2065 iunguntur.
1597 2016 1657 2054 Sic
1684 2017 1730 2060 in

908 2069 1055 2121 Georg.
1114 2067 1398 2122 Temporibusque
1417 2083 1543 2123 parem
1575 2070 1733 2125 diversis

906 2135 1074 2178 quattuor
1086 2137 1234 2164 annum.
1264 2122 1443 2177 Ipsorum
1457 2128 1577 2168 etiam
1593 2133 1730 2171 numi—

907 2194 1003 2221 num
1014 2179 1157 2235 sceptra
1169 2180 1400 2235 significant.
1432 2187 1609 2240 Juppiter
1619 2189 1731 2234 enim
1751 2232 1754 2234 ,

907 2237 1040 2278 trifido
1050 2239 1171 2279 utitur
1196 2239 1378 2281 fulmine.
1413 2244 1554 2282 Pluton
1570 2244 1730 2292 ,cerbe-

908 2308 979 2335 ro:
1007 2299 1235 2351 Neptunus,
1264 2296 1450 2338 tridente.
1477 2301 1595 2340 Multi
1621 2305 1731 2347 euim

908 2365 1168 2407 quaerunr-‚cur
1181 2353 1307 2394 modo
1322 2357 1522 2408 Neptunus
1537 2358 1585 2399 dc
1595 2361 1737 2401 alienis

907 2423 1161 2465 conqueratur
1175 2412 1392 2450 elementis.
1428 2417 1509 2453 Aut
1534 2429 1636 2457 certe
1659 2430 1734 2459 ter*

910 2483 987 2506 ram
1000 2480 1070 2519 pro
1083 2468 1181 2507 mat-i
1195 2465 1322 2519 posuit·
1332 2496 1346 2515 ‚
1371 2468 1419 2508 ab
1433 2483 1500 2518 en,
1514 2474 1620 2528 quod
1634 2489 1734 2515 con-

911 2524 1012 2564 tinet
1039 2523 1104 2570 id,
1140 2525 1242 2578 quod
1267 2526 1519 2579 continetur3
1544 2532 1633 2585 quia
1658 2531 1741 2586 ipse-

912 2581 1055 2621 dicitur
1080 2579 1307 2634 Ε’νοσίχθων
1332 2584 1374 2622 &
1402 2583 1618 2638 ἐνοσίγιιζῲ,
1643 2617 1660 2638 ,
1689 2591 1731 2633 id

912 2637 991 2684 est,
1021 2651 1190 2678 movens
1219 2650 1390 2680 terram:
1420 2645 1461 2683 δε
1501 2650 1624 2686 caelum
1661 2662 1738 2701 pto.

913 2698 1014 2736 ae‘re.
1046 2695 1214 2736 Constat
1237 2698 1346 2737 enim
1370 2711 1512 2741 tetram
1538 2716 1626 2746 cum
1638 2718 1736 2761 aqua

913 2754 956 2793 in
969 2755 1056 2794 ae're
1069 2752 1262 2794 libratam.
1296 2760 1457 2797 Servius.
1729 2810 1731 2812 q

987 2810 1087 2864 Jam
1125 2812 1292 2862 calum]
1331 2811 1501 2855 obscura
1538 2815 1739 2875 brevisque

917 2869 1046 2907 oratio
1060 2896 1071 2914 ,
1088 2869 1129 2908 δε
1143 2870 1228 2924 quia
1245 2869 1363 2911 iratus
1375 2885 1456 2911 erat
1470 2875 1510 2914 δε
1524 2874 1570 2913 ad
1587 2873 1736 2926 fricent-1

917 2925 1080 2965 rendum
1110 2923 1350 2979 properabat.
1398 2933 1579 2985 Denique
1606 2934 1739 2976 tranfit

918 2980 967 3021 ab
991 2982 1156 3023 aliorum
1184 2985 1473 3027 elementorum
1497 2989 1640 3035 injuria
1656 3000 1678 3038 ',
1716 2990 1741 3042 Ei

917 3038 1054 3095 quibus
1078 3054 1160 3080 erat
1184 3042 1355 3083 alienum
1372 3072 1384 3091 ,
1412 3046 1454 3086 ὅ(
1468 3047 1578 3086 venit
1588 3049 1635 3089 ad
1650 3063 1741 3102 pro*

920 3097 1054 3151 priam.
1092 3103 1271 3139 Danatus.
1473 3098 1480 3108 '
1734 3141 1740 3144 .

980 3160 1115 3198 Coelum
1138 3171 1339 3213 terramque
1353 3184 1368 3207 ,
1394 3160 1500 3212 cra]
1534 3161 1740 3216 Sapieprm

1659 3234 1741 3262 ver-
