2037 3787
432 125 492 182 AE
526 141 568 180 N
601 140 635 180 E
670 139 695 178 1
725 141 765 180 o
790 140 828 179 o
865 140 889 178 s

155 230 278 287 Nos
294 225 549 284 tumidum
567 222 656 282 sub
673 240 727 281 te
744 220 1000 303 permenii
1017 224 1252 283 claffibus
1269 247 1476 309 aequor:

975 123 1139 184 [ΛΒ.
1184 125 1322 185 ΙΙΙ.
1614 141 1710 202 531

154 310 307 370 Idem
323 325 568 380 venturos
584 310 832 365 tollemus
848 309 898 364 in
917 306 1042 365 astra
1060 328 1298 387 nepoteS,

158 392 545 472 Imperiumque
561 391 671 448 urbi
686 391 941 452 dabimus,
982 409 1039 448 tu
1056 415 1107 447 m
1118 396 1256 448 oenia
1272 393 1472 474 magnis

41 484 148 537 160
162 479 359 555 Magna
377 495 492 552 para
513 524 523 542 ‚
545 476 868 555 longumque
883 471 1016 555 fugae
1035 496 1098 532 ne
1116 479 1292 555 linque
1310 478 1564 535 laborem.

159 556 426 616 Mutandae
444 555 608 618 sedes.
632 580 740 615 non
754 560 861 615 haec
881 556 973 613 tibi
990 559 1140 615 litora
1157 556 1300 615 suasit

156 640 345 698 Delius
360 681 377 708 ‚
400 658 483 698 aut
501 644 678 700 Ctetae
692 640 835 720 juffit
849 639 1114 699 considere
1132 644 1351 722 Apollo,

32 840 317 889 memorando,
346 840 473 881 futura
498 843 661 883 meliora
685 843 840 896 pollice-

1615 723 1708 783 Est

887 840 1037 897 Julium
1051 836 1321 895 Caesarem,qui
1337 843 1481 895 primus
1496 844 1597 883 inter
1609 844 1703 883 deos

30 909 176 939 rentur.
215 900 319 938 Artis
341 898 394 938 est
417 901 534 952 igitur
546 901 737 940 excludere
751 912 840 940 ante
889 899 1028 938 relatus
1050 897 1119 937 est.
1155 901 1202 935 Et
1229 897 1328 937 bene
1342 903 1378 939 in
1389 900 1482 954 astra
1499 919 1510 941 :
1540 903 1642 949 cujus.
1659 899 1706 939 ti-

32 953 335 997 sollicitudiuem
366 957 532 1008 primam
546 985 560 1005 ,
603 959 644 997 δε
673 956 838 997 liberato
892 956 961 994 dus
985 955 1181 1006 apparuit:
1209 967 1274 1000 ut,
1302 962 1384 996 Ecce
1398 958 1710 1014 Diomeipracaessit

34 1012 245 1067 angoribus
270 1014 405 1052 animo
421 1040 436 1060 ,
461 1015 617 1054 alterius
629 1015 841 1069 navigatio-

32 1070 96 1110 nis
107 1068 257 1110 labores
268 1070 455 1123 ingerere.
485 1076 658 1111 Donatus.

90 1127 320 1180 Dardania-J
354 1128 619 1168 Derivativum
645 1140 793 1168 nomen
821 1123 844 1166 ἒι

34 1183 288 1224 constitutore
302 1210 317 1230 ,
359 1186 399 1223 &
423 1181 619 1224 sciendum
641 1186 841 1240 regionem

35 1253 105 1294 pto
120 1241 274 1280 civitate
286 1238 457 1292 pofitam.
490 1245 645 1281 Servius.

95 1305 233 1351 Tuaque
253 1312 355 1336 arma
366 1298 524 1348 skaal]
555 1302 615 1337 Ac
636 1296 663 1338 fi
687 1297 846 1344 diceret,

35 1363 120 1392 tuas
132 1365 254 1405 partes
268 1355 325 1392 vel
342 1354 547 1407 imperium
565 1374 576 1403 ς
592 1365 633 1396 ut
645 1383 657 1402 ‚
671 1362 770 1396 Socer
781 1372 844 1395 ar-

35 1425 97 1450 ma
108 1413 247 1450 Latinus
260 1411 395 1450 habeto.
426 1411 550 1451 Idem.

54 1479 57 1483 ·
95 1481 131 1518 ¹5
142 1479 180 1517 7.
215 1467 436 1519 Tumidum]
467 1472 527 1507 Ita
543 1482 577 1509 1.
597 1471 711 1508 Geor.

115 1543 219 1555 ——-
241 1526 338 1577 fteta
351 1528 550 1577 eumesiere.
611 1527 651 1565 &
671 1539 707 1567 2.
724 1528 844 1565 Geor.

117 1597 220 1612 ·-—-
246 1583 365 1620 maria
374 1585 578 1634 tumeftant.
617 1584 658 1622 ὃς
676 1597 706 1625 1.
721 1587 811 1625 En.

119 1655 223 1669 ·-—-
247 1638 390 1678 tumida
399 1651 547 1694 aequora·

32 1695 126 1737 Non
137 1691 335 1742 abhorret,

168 1771 272 1784 -—-·
297 1767 393 1792 mare
401 1752 603 1808 turgidum,

42 1805 139 1860 apud
155 1810 246 1846 Hor.
265 1807 502 1862 od.3.lib.1.
520 1810 683 1864 SIgnant
694 1808 770 1849 istae
781 1821 848 1849 vo-

28 1876 94 1904 ees
105 1865 180 1904 iras
193 1866 330 1913 matis,
340 1877 473 1907 tumor
486 1868 593 1908 enim
608 1868 705 1907 iram
717 1865 840 1922 sequi-

31 1932 105 1964 tur.
138 1922 266 1964 Cerda.

56 1994 58 1996 ·
89 1979 160 2020 Sub
169 1980 242 2032 te.]
271 1979 347 2021 Sub
359 1991 429 2020 tuo
441 1980 522 2028 iure
534 1992 703 2035 agentes.
734 1988 838 2023 Serv.

87 2036 315 2090 Permenfi.q]
359 2039 508 2078 EveC'ti.
548 2049 591 2078 ut
613 2038 665 2078 est
690 2050 842 2089 contra,

30 2095 226 2147 Pelagoque
236 2097 397 2149 remensi.
415 2095 531 2145 Multi
542 2106 672 2135 autem
679 2110 841 2150 permen-

21 2149 59 2203 fi
70 2146 150 2188 fine
159 2165 183 2188 n
194 2150 327 2204 legunt
341 2178 357 2200 ‚
369 2149 393 2190 ΞΔ
406 2151 525 2192 verbo
539 2157 737 2207 permetior.
770 2155 844 2193 Hic

30 2203 157 2248 versus
170 2206 322 2248 variasse
334 2208 483 2248 dicitur.
518 2210 632 2249 Idem.

85 2264 300 2318 Permenfi.]
331 2264 471 2307 Phrafis
482 2267 584 2307 Livii
595 2264 772 2308 Andron.
782 2266 845 2322 qui

27 2318 74 2363 in
86 2320 232 2360 Helena
245 2334 256 2360 z

65 2383 119 2420 Tu
145 2381 208 2434 qui
225 2380 423 2433 permensus
442 2380 545 2434 ponti
566 2382 679 2420 maria
690 2383 765 2420 alta
780 2396 846 2420 ve-

171 2438 292 2474 livola.

31 2488 105 2531 Sed
118 2492 183 2546 qui
198 2505 281 2532 non
294 2491 342 2532 fic
354 2491 489 2538 locuti,
506 2493 547 2532 &
559 2503 651 2532 ante
663 2495 840 2538 metam,

32 2548 76 2588 &
99 2548 183 2601 post
207 2549 318 2589 illum
333 2552 350 2594 ζ
380 2549 442 2589 Ad
454 2551 580 2589 aetem
592 2549 758 2590 traduxit
769 2556 844 2591 Xe-

32 2604 198 2658 nophon
218 2605 289 2646 lib.
310 2621 343 2655 5.
359 2604 579 2647 Memorab.
595 2607 843 2660 ἀερομεησεῖν.

36 2665 99 2702 De
110 2674 158 2701 eo
172 2663 350 2703 videlicet
363 2692 374 2709 ‚
391 2664 456 2717 qui
470 2665 694 2717 nugatorius
709 2664 761 2704 est
776 2697 787 2713 ‚
804 2667 842 2704 &

32 2717 165 2759 inanis
178 2747 193 2767 ,
206 2732 249 2761 ut
261 2721 326 2775 qui
338 2722 430 2760 velit
443 2724 570 2760 a'erem
585 2722 730 2767 metiri,
745 2722 844 2762 <ido-

35 2775 189 2829 λεσχέῖν
202 2792 240 2817 π
254 2776 355 2818 abaci
367 2805 383 2825 ‚
399 2779 431 2832 19
448 2779 695 2831 εἰερομεφςεῖν.
713 2780 842 2819 Corda.

894 1011 1194 1064 Cvcfirrisastrum.
1230 1013 1352 1052 Ideni.

955 1083 1047 1121 159.
1080 1070 1173 1109 Urbi.
1198 1073 1210 1121 J
1257 1071 1358 1108 Κατ’
1382 1069 1525 1125 ἐξοχζιύ
1554 1076 1707 1111 Romae:

896 1137 938 1165 ut
953 1122 1060 1177 supra
1075 1124 1254 1166 diximus,
1294 1129 1409 1168 Idem.

953 1183 1132 1239 Magaba]
1171 1184 1214 1222 Id
1227 1184 1279 1224 est
1297 1213 1308 1231 ,
1322 1183 1525 1238 nepotibus
1542 1198 1552 1223 ε
1579 1186 1618 1223 ὃ(
1633 1183 1707 1224 bo-

898 1252 994 1278 num
1018 1252 1200 1279 ornatum
1224 1238 1249 1281 ἒι
1272 1239 1458 1282 sermonis
1470 1241 1711 1282 fecitfimili-

899 1296 1060 1336 tudine:
1086 1299 1223 1353 magnis
1236 1312 1326 1339 vero
1339 1299 1458 1346 dixit,
1485 1300 1544 1340 vel
1558 1299 1709 1352 penati-

901 1352 969 1394 bus
986 1382 999 1400 ,
1013 1366 1055 1393 ut
1070 1361 1219 1409 Magna
1231 1357 1303 1397 diis
1317 1376 1328 1396 .·
1342 1358 1403 1396 vel
1418 1353 1708 1409 11epotibus5scd

901 1413 948 1450 ad
962 1410 1411 1454 exhortationemffineae
1425 1415 1710 1470 pertinetfflag·

896 1483 1065 1524 napara‚
1089 1468 1269 1510 dicendo.
1303 1472 1417 1513 Idem.

959 1526 1047 1566 160.
1080 1531 1192 1583 Fugae.
1211 1528 1229 1579 ]
1259 1528 1527 1570 Profef'cionis.
1562 1527 1708 1568 Dicens

896 1593 1026 1621 autem
1038 1586 1135 1638 fugae
1149 1611 1165 1633 ,
1192 1584 1341 1627 videtur
1354 1587 1501 1626 crimen
1513 1585 1708 1637 proditio·

898 1641 961 1678 nis
972 1639 1157 1681 excusare.
1185 1642 1302 1682 Idem.

954 1698 1043 1740 161·
1074 1699 1406 1751 Mutandaeftde.r.]
1420 1703 1704 1753 Argumentum

890 1747 912 1792 *a
929 1752 1163 1795 neceffitate.
1190 1757 1312 1798 Simul
1320 1756 1489 1811 arguitur
1501 1769 1607 1796 error
1620 1763 1706 1797 An·

889 1807 1009 1850 chisae.
1037 1812 1153 1853 Idem.

949 1869 1110 1921 Suasit]
1143 1868 1258 1911 Deest
1268 1885 1401 1925 capere.
1436 1869 1563 1910 Idem.

952 1926 1042 1966 162.
1074 1928 1238 1979 Delium]
1267 1928 1375 1968 ordo
1388 1933 1519 1969 autem
1529 1926 1583 1968 est
1596 1954 1609 1974 ‚
1627 1929 1709 1966 De-

891 1981 1139 2036 liusApollo.
1174 1985 1286 2025 Idem.

949 2047 1039 2081 Aut
1055 2048 1167 2081 Cretae
1177 2042 1280 2096 justit
1294 2041 1466 2093 confidere
1476 2043 1509 2094 .]
1540 2045 1588 2081 In
1599 2039 1712 2080 codi-

891 2094 1000 2137 cibus
1028 2099 1177 2152 aliquot
1201 2100 1370 2152 antiquis
1397 2101 1576 2153 replicata
1588 2110 1709 2151 nega-

893 2154 1005 2194 tione
1027 2156 1167 2209 legitur
1179 2185 1194 2205 ‚
1209 2157 1306 2196 haud
1321 2162 1450 2196 Cretae.
1484 2158 1537 2198 uti
1551 2156 1654 2208 prius
1667 2168 1710 2194 e-

894 2211 992 2250 tiam
1005 2213 1141 2253 eratin
1153 2212 1284 2252 codice
1299 2213 1478 2252 Mediceo
1493 2241 1506 2259 ,
1518 2213 1621 2268 quod
1637 2216 1706 2251 In-

893 2279 1077 2320 terpretes
1102 2271 1183 2309 non
1208 2270 1436 2310 admittunt.
1468 2275 1564 2310 Sunt
1585 2269 1706 2309 etiam

895 2325 1046 2364 codices
1061 2355 1072 2373 ,
1084 2327 1127 2365 in
1140 2326 1276 2380 quibus
1287 2325 1458 2380 confistere
1470 2328 1627 2381 legatur.
1635 2325 1710 2367 Sed

893 2381 1066 2434 confidere
1091 2384 1213 2436 magis
1225 2385 1370 2437 placet:
1395 2384 1544 2424 utillud
1558 2384 1710 2432 ‚Vultis

899 2450 950 2482 CT
986 2439 1042 2479 his
1065 2455 1194 2480 mecum
1214 2444 1355 2497 pariter
1377 2441 1551 2492 considere
1573 2441 1706 2496 regnis.

898 2495 1013 2552 Qod
1039 2509 1131 2536 vero
1145 2503 1259 2538 Cretae
1270 2496 1540 2538 adverbialiter
1553 2527 1566 2545 ,
1592 2510 1634 2538 ut
1648 2511 1712 2538 ur-

894 2551 1000 2592 bium
1025 2555 1176 2606 propria
1191 2556 1352 2594 nomina
1379 2553 1540 2606 pofitum
1566 2553 1608 2595 fit
1624 2569 1633 2594 ε
1661 2567 1712 2595 ne

895 2610 977 2661 quis
1001 2612 1184 2652 carminis
1207 2612 1245 2651 id
1259 2609 1713 2652 neceffitaticondonan-

898 2667 989 2706 dum
1003 2668 1103 2707 dicat
1119 2683 1129 2707 :
1154 2681 1329 2709 oratores
1341 2669 1461 2708 etiam
1473 2670 1607 2708 eadem
1622 2667 1711 2709 usos

896 2726 1118 2764 elocutione
1153 2723 1291 2766 scimus
1303 2752 1312 2764 ·
1352 2726 1464 2779 Apud
1490 2733 1708 2769 Varronem

896 2781 996 2821 libro
1010 2782 1137 2835 primo
1150 2783 1198 2823 de
1211 2783 1607 2838 Agricultura:ltaque
1622 2790 1711 2824 (rea

95 2833 184 2885 158.
216 2833 333 2876 Idem.
348 2836 366 2887 ]
402 2838 485 2875 Nos
507 2833 650 2876 scilicet
665 2864 677 2884 ,
714 2838 780 2891 qui
806 2849 845 2876 te
897 2851 942 2877 tae
953 2845 1002 2877 ad
1018 2843 1191 2890 Certinam
1203 2841 1338 2881 dicitur
1347 2843 1511 2892 platanus
1524 2843 1590 2896 effi
1605 2869 1620 2889 ,
1633 2857 1710 2898 qnae

31 2885 161 2930 sumus
173 2886 302 2931 secuti.
330 2896 487 2932 Servius.

91 2948 302 3001 Ventum]
329 2950 416 2989 Plus
448 2948 501 2991 est
526 2962 640 3004 quam
664 2947 847 2991 fidixiffiet

886 2899 973 2947 folia
984 2896 1097 2937 hieme
1108 2915 1174 2937 non
1188 2910 1313 2936 mutat.
1345 2897 1499 2937 Pierius.

954 2955 1103 3007 σαντα.)
1126 2957 1217 2995 Non
1229 2954 1275 2994 fic
1288 2954 1427 2994 dicitur
1441 2962 1709 3008 c·retae,quem-

21 3005 179 3056 futuros.
211 3007 312 3046 Nam
325 3005 426 3062 quafi
438 3002 508 3047 eos
524 3009 603 3059 jam
618 3006 691 3048 effe
704 3007 846 3062 fignifi-
901 3010 989 3049 adm
999 3011 1120 3051 odum
1148 3017 1265 3053 Romae
1279 3029 1292 3049 .·
1319 3025 1442 3066 neque
1465 3013 1574 3052 enim
1589 3012 1712 3058 bene,

29 3069 105 3102 cat.
136 3061 253 3103 Idem.

902 3065 992 3107 ficut
1004 3069 1151 3108 diEtum
1164 3068 1218 3108 est
1237 3096 1251 3116 ,
1273 3067 1352 3108 fine
1363 3067 1629 3122 praepofitione
1644 3073 1713 3109 ln·

88 3122 139 3158 In
160 3117 254 3172 astra
277 3121 454 3175 nepeta]
484 3120 677 3175 significat
703 3123 849 3175 Caium
903 3123 985 3165 sulae
1012 3138 1210 3178 ponuntur
1227 3154 1239 3173 ,
1264 3124 1333 3165 nifi
1359 3125 1576 3169 lia-tantum
1593 3155 1606 3176 ‚
1634 3139 1713 3179 quae

1268 3184 1324 3225 [l
1356 3198 1376 3227 2
1634 3180 1732 3234 ejus·
