2037 3787
726 139 1442 198 P.V1R01L11

381 239 596 303 Moenia
612 278 631 306 ‚
661 235 1044 318 Romanosque
1060 235 1152 296 suo
1168 236 1234 296 de
1252 238 1467 296 nomine
1484 233 1644 298 dicetss

379 321 482 383 His
498 346 601 404 ego
615 343 712 379 nec
730 338 896 379 metas
915 329 1086 379 rerum
1107 360 1124 386 ‚
1160 341 1257 378 nec
1272 338 1515 399 tempora
1528 341 1706 399 pono:

356 448 359 451 -
379 408 668 487 Imperium
685 404 790 464 fine
809 402 915 462 fine
934 402 1073 464 dedi.
1092 403 1216 484 quin
1233 401 1406 484 aspera
1419 407 1559 482 Juuo
1575 441 1595 472 ‚
1663 400 1666 402 ’

253 161 356 219 130

253 621 348 662 teris
360 619 471 676 regni
481 618 695 675 insignibus
707 617 853 673 semper
865 619 969 670 {uxta
980 614 1070 659 san-

256 679 429 720 cientem
449 678 598 733 aliquid
611 679 828 718 Romulum
841 675 1075 731 ponebatur,

260 747 304 776 ut
339 737 480 791 pariter
505 735 698 789 imperare
722 735 930 775 videretur.
971 734 1074 773 unde

261 791 314 834 est
328 820 343 842 ,
372 798 480 834 Remo
502 796 698 849 cumfratre
713 794 891 850 Qirinus
903 799 993 833 Iura
1006 790 1074 830 da-

262 853 367 892 bunt.
400 855 503 890 Serv.
634 897 638 900 .

317 912 480 957 Romulus
503 908 659 962 excipiet
679 905 866 962 gentem.]
896 906 1075 960 Excipiet,

264 976 310 1005 ut
332 963 432 1019 quafi
454 960 580 1004 rursus
603 965 741 1003 excitet
766 974 924 1017 gentem
938 963 1083 1003 flesto·-

250 1021 369 1061 'ream
384 1049 399 1070 ‚
412 1032 503 1061 tunc
514 1031 619 1073 paene
628 1022 833 1060 cadentem
849 1022 890 1060 ὃς
904 1020 1087 1060 deficien-

266 1089 379 1126 tem,
417 1080 627 1120 Numitore
660 1080 740 1129 jam
774 1077 866 1117 sene
891 1078 931 1117 &
957 1076 1079 1116 orbo:

269 1135 409 1190 quippe
433 1138 538 1185 cuius
561 1135 686 1175 filium
713 1132 879 1184 Lausum
900 1135 1084 1175 Amulius

267 1193 525 1235 interfecerat.
560 1192 706 1234 carrad.

325 1263 421 1303 277.
448 1252 691 1304 Romanosque
694 1250 758 1302 fico
768 1248 814 1289 de
824 1247 1004 1299 nomina]
1018 1252 1086 1288 Pe-

268 1307 371 1348 tite:
403 1321 487 1347 non
511 1309 566 1347 ait
592 1312 764 1353 Romam,
806 1303 871 1345 sed
896 1311 1083 1347 Romanos.

272 1363 394 1405 Urbis
415 1365 524 1404 enim
549 1365 654 1404 illius
667 1375 799 1404 verum
812 1375 962 1402 nomen
975 1390 988 1409 ,
1016 1374 1088 1400 ne»

274 1435 345 1462 mo
380 1421 442 1463 vel
466 1423 509 1461 in
532 1419 644 1462 sacris
669 1422 862 1461 enuntiat.
904 1416 1089 1472 Denique

271 1478 453 1520 tribunus
480 1477 603 1532 plebis
617 1473 775 1533 quidam
788 1476 961 1519 Valerius
977 1481 1088 1516 Sora-

275 1549 373 1584 nuS,
400 1547 442 1576 ut
464 1536 519 1576 ait
544 1542 663 1578 Varro
688 1537 730 1576 ὅτ.
754 1533 980 1581 ιτιηΙῑίςιΙίἱ,ν
1000 1532 1089 1588 quia

276 1592 354 1633 hoc
379 1606 530 1633 nomen
554 1590 661 1633 ausus
683 1591 884 1632 enuntiare
903 1618 918 1640 ‚
937 1600 982 1631 ut
1005 1589 1091 1645 qui-

276 1650 368 1691 dam
392 1650 554 1699 dicunt,
579 1663 708 1703 raptus
733 1645 756 1690 {i
780 1654 950 1696 Senatu,
978 1648 1019 1686 δε
1044 1647 1090 1687 in

275 1720 428 1748 crucem
441 1709 587 1749 levatus
599 1707 679 1747 est:
702 1716 746 1747 ut
757 1706 826 1752 alii,
836 1733 854 1755 ,
879 1715 989 1745 metu
999 1702 1087 1755 sup-

277 1766 384 1818 plicii
395 1764 497 1819 fugit
511 1794 525 1815 ‚
539 1767 580 1805 ὃς
593 1766 635 1805 in
648 1764 776 1806 Sicilia
789 1759 1090 1816 comprehensus

277 1820 302 1863 Ξ
325 1825 490 1863 Ptaetore
507 1850 518 1868 ‚
554 1833 742 1876 praecepto
765 1825 924 1861 Senatus
946 1816 1092 1860 occisus

280 1879 349 1920 est.
380 1884 462 1920 Hoc
485 1890 615 1920 autem
629 1879 734 1920 urbis
748 1890 895 1919 nomen
911 1905 924 1924 ‚
949 1889 998 1916 ne
1010 1880 1093 1930 Hy-

277 1938 392 1993 ginus
418 1950 598 1993 quoque,
625 1949 744 1990 quum
768 1935 815 1976 de
839 1933 908 1975 ficu
918 1933 1095 1975 urbislo-

275 2006 457 2052 queretur
472 2023 483 2040 ‚
495 1993 684 2049 expreffit.
715 1995 872 2038 Servius,

339 2055 530 2094 Mavortia
540 2069 569 2092 c.
586 2054 728 2093 Moenia
741 2050 975 2103 Roman-osque
987 2047 1096 2100 ἔφα]

280 2110 424 2156 Perire,
439 2109 568 2165 inquit
582 2110 746 2150 Servius:
758 2111 852 2149 Non
864 2107 918 2146 ait
931 2111 1094 2152 Romam,

281 2165 348 2207 sed
374 2172 559 2208 Romanos.
585 2166 706 2207 urbis
728 2166 838 2205 enim
847 2165 951 2203 illius
964 2175 1097 2204 verum

286 2227 446 2265 Nomen
471 2238 592 2264 nemo
617 2225 677 2265 vel
692 2223 735 2263 in
748 2222 867 2262 Sacris
891 2221 1100 2261 enunciare

284 2279 464 2322 audebat.
495 2281 597 2321 Hinc
619 2279 730 2321 Trib.
759 2278 865 2322 Pleb.
891 2279 971 2321 val.
990 2283 1102 2318 Sora-

289 2352 363 2380 nus
374 2367 391 2387 ‚
406 2338 580 2394 quiahoc
597 2343 746 2378 nomen
760 2334 865 2377 ausus
877 2335 1100 2382 enunciare,

288 2397 391 2438 cruci
414 2395 549 2436 affixus
571 2395 637 2435 est.
674 2400 806 2436 lmmo
828 2407 900 2434 nec
925 2393 1102 2446 Hyginus

287 2454 445 2510 quidem
461 2484 473 2503 ‚
489 2467 575 2494 cum
590 2453 638 2495 de
652 2452 721 2493 situ
732 2450 853 2491 Urbis
863 2452 1101 2506 loqueretur,

288 2509 477 2565 expreffit.
520 2512 625 2551 Hinc
647 2512 690 2550 &
715 2513 919 2564 Angeronae
945 2506 1037 2560 (five
1060 2519 1103 2547 ut

289 2570 423 2623 Scalig.
454 2566 585 2609 scribit
597 2598 608 2615 ,
622 2566 851 2624 Angenorae)
863 2565 1103 2606 simulacrum

296 2631 436 2667 Romae
457 2627 603 2665 cultum
616 2626 753 2665 volunt
766 2652 781 2672 ‚
804 2623 908 2677 quod
920 2634 990 2662 ore
1002 2620 1105 2678 obli—

293 2694 387 2738 gato
399 2711 415 2732 ‚
440 2684 489 2723 de
503 2684 678 2723 Nomine
691 2680 810 2723 Urbis
821 2679 1017 2723 filentium
1028 2679 1107 2717 im-

296 2751 459 2795 peraret.
487 2740 586 2781 Vide
608 2738 852 2781 Plutarchum
867 2765 884 2786 ,
904 2737 1005 2776 Plin.
1031 2733 1101 2774 lib.

302 2799 370 2840 28.
394 2809 529 2851 cap-⁴2.
562 2798 604 2836 ὃς
628 2796 753 2844 mm.
779 2808 859 2848 cap.
877 2810 910 2848 5.
938 2789 1103 2833 Briss'on.

297 2855 342 2894 in
367 2855 560 2894 formulis
587 2855 681 2894 soll.
705 2851 777 2893 lib.
795 2866 828 2893 1.
858 2852 977 2892 etiam
1003 2854 1039 2906 J.
1054 2853 1104 2889 C.

295 2908 528 2964 scaligerum
551 2911 722 2955 Poetices
733 2909 806 2950 lib.
823 2924 858 2962 5.
871 2922 954 2960 cap.
971 2921 1006 2958 3.
1023 2909 1107 2946 No-

295 2969 351 3009 mi
358 2969 418 3008 nis
429 2980 559 3009 autem
575 2973 711 3009 Romae
721 2967 914 3020 duplicem
924 2968 1111 3017 interpre-

295 3027 494 3066 tationem
528 3036 657 3079 aptam
690 3025 820 3064 reddit
842 3030 892 3064 D.
917 3024 1112 3075 Hierony-

299 3095 410 3130 muS,
432 3081 498 3123 lib.
517 3098 552 3123 2.
581 3080 739 3123 Advers.
771 3083 904 3139 Jovin.
935 3078 1111 3132 urbs<in-

292 3140 395 3197 quit)
404 3151 528 3198 potens
542 3168 558 3191 ,
581 3141 663 3183 urbs
674 3140 816 3182 domina
830 3167 842 3188 ‚
855 3139 936 3183 urbs
948 3136 1113 3194 Apostoli

1122 632 1206 658 voce
1239 617 1392 659 laudata
1422 639 1434 669 3

1124 739 1257 772 Graecos
1267 732 1313 786 cst
1324 761 1336 779 ,
1362 746 1426 774 aut
1438 736 1671 776 Sublimitatis
1683 735 1779 789 apud
1789 737 1938 776 Ebraeos.

1126 788 1279 844 Qibus
1293 817 1310 838 ,
1337 790 1467 845 inquit
1477 791 1622 844 Lipsius
1637 821 1649 839 ,
1663 791 1763 832 addo
1775 805 1848 846 ego
1861 803 1942 832 ter-

1128 847 1251 893 tiam,
1292 859 1408 900 quam
1444 843 1607 889 dederit'
1626 850 1757 903 lingua
1781 849 1939 890 nostra:

1129 905 1218 958 quia
1231 909 1339 944 Roem
1354 932 1366 951 ,
1395 905 1528 957 gloriae
1551 907 1592 945 &
1603 904 1714 945 famae
1725 919 1874 946 nomen
1887 904 1943 947 est

1134 961 1355 1000 Germanis.
1383 961 1490 1017 Qin
1504 989 1518 1008 ,
1533 963 1636 1016 quod
1648 963 1747 1016 apud
1759 964 1948 1003 orienta-
2023 1008 2036 1017 a

1131 1020 1186 1058 les
1225 1017 1347 1058 Indos
1384 1023 1516 1060 Rumes
1538 1021 1776 1072 appellantur
1800 1021 1950 1062 milites
2033 1060 2036 1068 ,

1133 1075 1232 1116 boni
1248 1077 1288 1115 &
1299 1074 1420 1115 fortes
1435 1104 1448 1123 ‚
1464 1076 1540 1116 &c.
1569 1076 1639 1117 lib.
1659 1090 1695 1118 1.
1711 1090 1791 1131 cap.
1804 1093 1842 1120 2.
1859 1076 1946 1118 Ad·
2011 1082 2036 1134 η’

1115 1160 1124 1172 ,-
1134 1132 1421 1175 mirandorum.
1438 1134 1584 1174 Taubm.
2020 1134 2025 1146 ”’

1191 1191 1286 1241 278.
1316 1196 1392 1231 Nec
1413 1202 1531 1232 metas
1552 1206 1668 1232 rerum
1682 1219 1694 1238 ,
1721 1207 1784 1231 nec
1795 1203 1953 1246 tempora
2025 1187 2037 1227 ζ’

1128 1248 1254 1303 pom]
1280 1253 1433 1296 Maras,
1458 1247 1506 1288 ad
1529 1258 1649 1290 terras
1660 1249 1814 1302 retulit:
1839 1255 1950 1289 Tem·
2026 1262 2032 1287 ³

1130 1319 1217 1360 pora
1230 1332 1245 1353 ,
1272 1303 1320 1343 ad
1349 1317 1487 1345 annos.
1515 1305 1684 1346 Lavinio
1697 1306 1808 1345 enim
1824 1306 1953 1345 trien-
2026 1325 2037 1347 π

1136 1362 1245 1401 nium
1261 1389 1276 1408 ‚
1301 1361 1410 1401 Albae
1422 1374 1618 1403 trecentos
1630 1361 1760 1404 statuit
1776 1390 1788 1409 ‚
1803 1368 1953 1402 Roma·
2022 1367 2037 1393 ἓκ

1137 1419 1199 1458 nis
1213 1417 1350 1457 tribuit
1362 1420 1636 1467 aeternitatem,
1657 1421 1745 1474 quia
1757 1417 1953 1470 subjunxit
2006 1415 2013 1419 ’
2030 1419 2037 1431 ”

1137 1479 1333 1529 Imperium
1338 1475 1417 1526 sine
1420 1476 1498 1525 fine
1509 1475 1610 1516 dedi.
1642 1477 1805 1517 Servius.

1194 1535 1268 1572 His
1278 1548 1335 1582 ego
1345 1548 1408 1572 nec
1418 1544 1534 1572 metas·
1545 1549 1661 1574 rerum
1674 1560 1690 1582 ,
1713 1549 1774 1574 nec
1795 1545 1954 1588 tempora

1134 1590 1256 1645 pona]
1274 1590 1333 1628 Sic
1345 1590 1410 1630 Sili
1425 1590 1659 1643 Italicusl.7.
1672 1589 1739 1632 ubi
1752 1590 1800 1632 de
1811 1595 1955 1639 Ennea,
2027 1608 2029 1610 ·

1137 1647 1283 1700 ’'astato
1295 1646 1409 1686 undis
1419 1675 1431 1694 ,
1447 1648 1527 1701 agit
1541 1663 1551 1688 ε

1193 1707 1268 1745 Hic
1290 1720 1398 1760 regna
1422 1711 1475 1749 «ἔφ’
1500 1704 1606 1748 nullae
1630 1708 1750 1762 regnis
1763 1720 1829 1764 per
1834 1708 1958 1759 fi’cula

1323 1773 1441 1802 metae.

1144 1823 1207 1859 De
1231 1817 1525 1883 auspicatiffimo
1550 1817 1622 1859 hoc
1633 1823 1767 1860 AEneae
1779 1818 1953 1873 postero-

1141 1888 1301 1930 rumque
1326 1877 1492 1929 rmperio
1513 1875 1566 1916 est
1582 1904 1594 1922 ,
1612 1877 1716 1932 quod
1733 1877 1958 1923 vaticinatur
2021 1875 2031 1934 ’-

1146 1932 1273 1973 noster
1284 1934 1308 1972 1.
1329 1947 1364 1986 3.
1380 1930 1548 1982 AEnsylts.
1561 1946 1630 1987 97.

1199 1994 1272 2032 Hic
1292 1991 1412 2031 domus
1435 1998 1552 2033 AEneae
1575 1991 1708 2033 cunflis
1720 1992 1962 2034 dominabitur
2031 2038 2037 2045 ,

1312 2050 1396 2095 orir,

1204 2109 1248 2146 Et
1270 2109 1349 2145 nati
1371 2116 1531 2146 natorum
1543 2133 1557 2153 ,
1570 2106 1633 2151 ¹&
1645 2107 1707 2162 qui
1718 2108 1904 2160 mtftentur
1912 2106 1970 2146 ab
2032 2152 2037 2158 ᾗ

1225 2202 1228 2204 Α
1310 2162 1398 2203 illis.

1147 2218 1279 2274 Qem
1301 2221 1430 2260 locum
1445 2217 1577 2259 deberi
1588 2222 1763 2258 Homero
1777 2247 1789 2264 ,
1819 2227 1961 2258 notum

1148 2289 1190 2316 ex
1203 2275 1377 2317 Macrob.
1392 2278 1419 2317 1.
1440 2291 1472 2328 5.
1486 2290 1517 2315 c.
1529 2292 1564 2329 3.
1581 2275 1661 2330 Qi
1677 2276 1816 2316 Graecis
1826 2277 1963 2329 jugum

1147 2334 1375 2386 imposuerit
1387 2363 1399 2380 ,
1424 2334 1642 2374 Mummius
1654 2330 1841 2389 plerisque
1853 2333 1962 2373 vide-

1150 2402 1210 2430 tur
1222 2389 1332 2432 fuisse
1345 2420 1357 2438 ‚
1372 2391 1421 2431 de
1431 2404 1509 2445 quo
1524 2391 1627 2430 Plor.
1638 2392 1665 2430 1.
1683 2404 1719 2431 2.
1733 2403 1765 2430 c.
1784 2391 1846 2431 16.
1862 2394 1964 2430 Tur·-

1150 2446 1271 2488 nebus
1284 2460 1415 2488 tamen
1427 2448 1586 2489 Paulum
1599 2448 1804 2490 AEmilium
1815 2447 1969 2487 intelli⁴

1149 2506 1322 2558 gendum
1336 2516 1458 2559 putat,
1471 2507 1496 2545 1.
1513 2520 1579 2546 10.
1593 2518 1626 2545 c.
1646 2519 1706 2546 rr.
1732 2506 1819 2559 quia
1844 2503 1967 2545 Thes-

1151 2561 1283 2603 saliam
1298 2591 1313 2612 ,
1344 2562 1509 2602 Achillis
1521 2562 1684 2614 patriam
1700 2563 1743 2601 in
1756 2567 1968 2602 Romano-

1153 2633 1238 2660 rum
1248 2622 1478 2674 potestatem
1491 2618 1650 2671 redegit.
1676 2621 1884 2675 Emmeneffi

1225 2691 1322 2732 279.
1351 2676 1502 2730 Qin.]
1545 2676 1786 2729 Qinetiam.
1832 2676 1969 2717 Minus

1801 485 1939 563 Qae
2007 497 2029 504 ”

1480 622 1715 675 interpretare
1735 622 1942 663 vocabulum

1122 686 1236 715 tuum·
1266 680 1379 716 Roma
1389 688 1451 718 aut
1462 683 1491 718 F
1492 677 1701 719 artitudinis
1712 694 1833 719 nomen
1844 677 1940 735 apud
2010 684 2023 710 -'

2014 2391 2037 2667 :QQQ2544„<212·
2020 2351 2029 2378 ‘¹¹⁸
2033 2315 2035 2317 .
2027 2288 2035 2297 2
2027 2256 2033 2271 «ν

1153 2733 1263 2773 enirn
1274 2733 1328 2774 est
1339 2736 1470 2774 Etiam.
1502 2736 1603 2773 Nam
1616 2734 1775 2786 plenum
1789 2733 1974 2788 est‚quin-

1155 2794 1276 2831 etiam.
1331 2803 1372 2831 ut
1390 2819 1402 2837 ,
1429 2793 1649 2846 „Quinetiam
1673 2791 1813 2833 hiberno
1837 2794 1974 2837 moliris

1152 2849 1429 2903 [idereclaffim.
1467 2849 1654 2893 Servius„

1215 2907 1366 2961 ,Aspera
1379 2906 1523 2960 Jemo.]
1554 2906 1623 2945 Vel
1634 2917 1748 2960 quam
1762 2915 1804 2946 tu
1815 2907 1971 2960 asperam
2024 2887 2027 2890 .

1139 2989 1142 2992 >
1160 2963 1254 3003 dicis
1270 2991 1281 3009 ,
1307 2965 1368 3003 vel
1389 2973 1492 3002 certe
1518 2975 1560 3002 ut
1573 2964 1612 3002 ὃ(
1626 2976 1699 3016 ego
1709 2961 1837 3002 fateor
1851 2964 1890 3004 &
1906 2975 1973 3003 to-

1140 3019 1352 3061 ·lerabilius
1365 3020 1436 3059 hoc
1450 3020 1599 3076 Jupiter
1607 3019 1714 3059 dicit.
1747 3020 1863 3059 Idem.

1216 3079 1364 3133 „Aspera
1380 3077 1521 3132 ἵκω]
1554 3082 1698 3131 Aperte
1717 3077 1832 3129 ponit
1844 3105 1854 3122 ‚
1869 3074 1979 3128 quod
2030 3119 2034 3124 ,

1162 3141 1291 3178 Venus
1302 3163 1316 3183 ,
1329 3139 1432 3177 unius
1445 3136 1482 3177 ob
1494 3137 1585 3177 iram
1600 3163 1612 3183 ,
1628 3135 1739 3182 dixit*
1769 3139 1872 3188 Ergo
1888 3144 1976 3171 tan-
2031 3150 2037 3194 ἐ

1880 3201 1964 3231 tam
2022 3199 2037 3226 ι,
