2037 3787
446 131 911 198 AEnssxnos

995 137 1158 194 L113.
1199 132 1249 196 1:
1588 137 1697 218 '157

152 246 300 304 Tum
316 241 536 300 celerare
551 235 725 319 fugam
743 237 1003 318 patriaque
1019 235 1271 295 excedere
1286 235 1479 306 suadet,

160 326 526 402 Auxiliumque
542 322 635 381 viae
648 340 854 382 veteres
869 321 1051 378 tellure
1066 319 1283 378 recludit

94 509 188 552 357.
219 505 305 541 Tum
315 499 462 539 celerare
461 495 629 552 sugam]
656 495 846 536 Celeriter

37 554 144 596 abire
157 585 170 604 ,
186 566 230 596 ut
239 555 400 596 dicimus
411 556 545 606 cursum
560 558 679 593 celero.
710 558 812 594 Serv.

93 619 180 652 Tum
189 616 338 653 celerare
343 612 502 664 fugam]
529 609 755 657 Eustathius‚
771 614 842 648 Κε-

34 667 123 718 δόῧκὶ
137 664 283 721 φόῦγιν.
328 666 527 708 Cedrenus
543 680 552 704 :
568 666 598 720 »ἐ
612 664 710 708 εἶπεν
723 666 843 722 αὐτῇ,

34 722 138 776 φῦγ·
162 725 219 777 μὴ
233 723 265 778 15}
281 738 321 763 en
338 722 496 778 φονόΊέσῃ.
533 724 656 775 cerda.

46 795 50 799 ’
89 784 287 837 Pariaque
299 781 467 822 excedere
478 781 644 834 finden]
675 782 722 819 In
737 779 841 819 anti-

31 835 217 893 quiffimis
227 838 374 893 aliquot
386 836 664 890 exemplaribus
684 839 841 891 patriam

28 891 229 935 incus-indi
250 893 335 935 casu
355 896 479 949 legere
502 893 570 934 est.
598 892 723 935 Verba
732 893 840 933 enim

32 962 186 1005 motum
210 951 458 1006 significantia
472 980 484 997 ,
520 950 586 990 ubi
613 948 842 1004 praepofitio·

32 1019 128 1048 nem
151 1009 200 1049 dc
223 1010 313 1049 loco
338 1006 405 1048 fibi
433 1007 741 1048 vendicaverint:
783 1003 838 1046 sui

30 1063 335 1119 quaficujusdam
358 1065 448 1112 iuris
469 1064 592 1111 fasta,
620 1060 746 1103 solent
769 1061 839 1103 fibi

28 1120 237 1177 'adjungere
246 1118 520 1162 accusativum:
550 1132 590 1161 ut
613 1133 731 1175 quum
745 1119 837 1160 dici-

31 1190 119 1220 mus
129 1195 176 1220 ex
187 1180 283 1219 domo
292 1195 346 1227 eo,
358 1192 447 1218 mox
458 1194 542 1218 exeo
553 1177 702 1218 domum.
717 1188 817 1231 quan
825 1199 840 1207 -

31 1247 146 1291 quarn
159 1242 211 1282 (ν’
224 1238 332 1277 domo.
367 1240 426 1275 Ita
437 1233 532 1275 illud
544 1233 755 1282 comicum,
768 1239 837 1273 Ca-

30 1307 79 1332 ve
89 1308 135 1333 ex
146 1292 225 1348 {the
232 1293 451 1345 excessislocn
459 1320 473 1338 ,
501 1304 582 1330 non
596 1290 839 1344 ineleganter

28 1348 186 1398 dixeri5‚
198 1349 395 1389 Cave'hunc
405 1349 557 1388 excedas
566 1351 685 1387 locum.
714 1348 774 1388 Sic
799 1362 839 1389 a·

25 1405 106 1458 pud
117 1406 321 1460 Virgilium
332 1405 378 1460 est
387 1408 486 1445 exire
494 1409 579 1444 tela.
590 1430 598 1437 ·
613 1404 770 1444 Pierius.

82 1462 258 1515 Suadet]
303 1461 519 1503 secundum
553 1472 731 1501 naturam
760 1462 840 1501 dure

27 1514 116 1559 sunt
126 1516 276 1575 syllabae
286 1548 298 1565 ‚
315 1516 378 1558 sed
392 1520 507 1558 multi
519 1515 759 1572 trisyllabum
773 1532 840 1573 pu-

28 1584 136 1616 tant:
168 1576 270 1632 quod
281 1576 400 1616 etiam
414 1574 440 1615 fi
452 1577 686 1622 inveniatur,
699 1574 841 1615 solutio

28 1630 192 1673 dicenda
205 1631 258 1673 est
272 1646 283 1671 ε
307 1628 385 1687 quo
398 1632 520 1672 modo
533 1632 697 1672 dicimus
709 1649 784 1672 aena
797 1634 836 1672 δε

0 1714 1 1725 1
30 1689 154 1729 ahena.
203 1694 296 1730 Hoc
311 1701 441 1729 autem
461 1688 584 1730 solum
607 1690 845 1743 bujufiemodi

0 1768 1 1778 κ
28 1744 190 1786 verbum
202 1748 245 1787 in
261 1748 403 1788 Latino
415 1747 621 1787 invenitur.
653 1751 808 1794 Servius.

85 1815 105 1855 3
117 1804 180 1851 58.
193 1804 555 1860 Auxiliumque.]1n
567 1803 745 1845 Mediceo
756 1805 843 1844 cod.

0 1877 2 1893 z
27 1862 162 1900 auxilio
173 1861 312 1915 legitur
327 1889 339 1908 ,
366 1859 585 1914 acquifitivo
608 1859 718 1902 casu:
749 1874 790 1902 ut
801 1862 846 1902 fit

0 1919 1 1953 ἶ
25 1912 236 1964 sententia,
269 1918 448 1958 Recludit
461 1915 654 1958 thesauros
669 1947 680 1964 ,
708 1920 771 1974 qui
782 1918 842 1959 fu-

0 1988 3 2011 ι
26 1972 106 2015 turi
116 1972 235 2014 ess‘ent
249 1975 392 2015 auxilio
406 1975 483 2016 viae.
514 1977 671 2016 Pierius.

80 2034 222 2071 Auxit·
249 2048 349 2087 mque
373 2033 481 2085 viae.]
508 2031 702 2086 Proposita
727 2031 815 2084 fuga
835 2061 849 2082 ‚

0 2103 5 2118 ι
27 2085 135 2127 addit
157 2087 231 2129 faci
250 2089 387 2128 'tatem
400 2091 443 2129 in
456 2100 564 2130 tanta
577 2086 841 2130 thesaurorum

0 2158 2 2191 l
25 2144 152 2197 copia.
183 2152 362 2186 Donatus.

85 2205 352 2256 Auxiliumque
359 2203 663 2255 viae.]Viaticum
670 2202 808 2252 ,³205aeae
815 2219 845 2251 ν,

4 2280 5 2283 ¹
29 2254 79 2296 vei
93 2258 237 2311 πορεῖα.
267 2260 350 2299 Alii
361 2261 389 2299 l.
404 2264 633 2316 Auxilioque
646 2277 683 2300 v.
716 2259 844 2302 Taub-

28 2325 165 2355 mann.
381 2326 387 2329 ⁴

86 2371 289 2425 Recludit]
316 2371 381 2413 Ad
398 2372 630 2426 opinionem
645 2370 773 2413 somni
786 2386 845 2412 re-

20 2427 176 2470 cludere
187 2428 336 2469 videtur
347 2457 362 2478 ,
377 2441 418 2470 ut
432 2457 447 2478 ,
460 2436 710 2484 AEternumque
723 2429 847 2483 adytis

23 2485 129 2538 effirt
133 2487 377 2542 penetralibus
387 2489 512 2542 ignem.
543 2487 703 2526 servius.

75 2550 223 2584 Veteres
230 2542 305 2584 tell.
319 2546 397 2583 recl.
411 2543 588 2596 thesim-r]
603 2543 703 2583 Hinc
717 2545 756 2584 δὲ
771 2548 823 2601 Ju
835 2567 844 2573 -

16 2596 233 2641 tiscon'sulti
256 2597 475 2641 thesaurum
501 2596 690 2640 defossum
718 2602 757 2640 &
782 2615 841 2641 re-

20 2656 226 2699 eonditum
250 2669 353 2698 extra
378 2657 586 2697 hominum
606 2658 837 2697 memoriam

22 2725 176 2754 vocant.
218 2714 320 2769 Qia
332 2710 423 2754 vero
435 2718 555 2768 poetae
567 2713 657 2768 saepe
670 2716 772 2755 inter
784 2715 841 2755 fa-

23 2767 158 2810 bulosa
183 2782 408 2811 commenta
433 2783 582 2824 partem
607 2773 776 2827 aliquam
793 2773 840 2813 ad

22 2825 202 2868 historica
224 2839 359 2868 eventa
382 2828 578 2875 referunt,
610 2829 766 2869 ducerer
776 2841 840 2870 au—

21 2884 203 2926 ctoritate
240 2885 410 2926 virorum
445 2884 650 2927 dostorum
679 2887 723 2926 in
752 2900 838 2927 eam

17 2939 299 2997 persuasionem
310 2970 322 2989 ‚
338 2954 380 2982 ut
391 2943 585 2984 crederem
601 2972 612 2990 ,
629 2948 835 2985 Maronem

18 2996 177 3040 auufisse
186 2998 234 3038 ad
248 2997 461 3040 thesaurum
478 3028 492 3048 ‚
516 3002 624 3051 cujus
649 3014 746 3041 vana
773 3015 838 3041 ex-

66 3056 235 3096 statione
287 3057 327 3096 ὅ(
363 3056 615 3108 promiffione
651 3056 842 3099 Cesellius

17 3111 162 3162 Bassus,
176 3113 297 3156 horno
309 3119 470 3163 PoenuS,
483 3115 581 3171 apud
594 3116 717 3156 Tacit.
735 3118 762 3159 l.
773 3117 836 3158 16.

1551 402 1705 464 The-

892 495 1039 534 Neroni
1052 492 1236 544 illuserat,
1248 493 1334 535 fieta
1346 495 1567 544 coniectura
1582 495 1700 537 testa-

891 562 949 590 tus
964 579 980 600 ,
1005 565 1098 604 opes
1118 553 1204 591 illas
1231 552 1432 592 Didonem
1449 552 1703 603 l’hoeniffim‚
1755 557 1762 564 '

891 610 997 659 Tyro
1018 607 1219 663 profligam
1236 636 1251 656 ‚
1276 609 1433 649 condita
1446 610 1703 663 Carthagine,

890 662 1074 703 abdidifl'e
1088 691 1102 711 ‚
1127 679 1177 704 ne
1190 677 1311 706 novus
1323 666 1483 719 populus
1496 666 1699 721 nimiape-

888 721 998 760 cunia
1011 718 1217 770 lasciviret,
1229 734 1292 761 aut
1303 735 1412 776 reges
1426 723 1698 771 Numidarum,

891 777 930 816 &
943 775 1036 816 alias
1049 776 1198 824 infensi,
1209 779 1388 831 cupidine
1398 780 1478 819 auri
1490 779 1536 820 ad
1548 779 1623 822 bell
1629 795 1695 822 una

887 833 1183 873 accenderentur
1198 849 1208 872 ε
1236 836 1278 873 in
1293 848 1394 882 eam,
1410 838 1569 890 inquam
1584 867 1596 886 ‚
1610 835 1697 878 sen-

886 890 1051 929 tentiam
1063 888 1293 930 discederem
1310 919 1325 940 ,
1345 892 1414 932 nist
1426 891 1542 934 saeculi
1554 893 1698 938 diversa

887 958 1064 1000 tempora
1083 960 1147 987 me
1167 946 1215 987 ab
1240 961 1284 987 ea
1308 949 1528 989 credulitate
1538 964 1698 993 revoca-

887 1014 997 1043 rent:
1028 1015 1112 1044 tum
1125 1004 1227 1059 quod
1246 1004 1423 1045 nondum
1438 1019 1500 1053 eo,
1515 1015 1592 1062 quo
1604 1002 1694 1049 scri-

886 1058 956 1112 psit
969 1064 1082 1100 Maro
1095 1090 1108 1110 ,
1133 1073 1310 1115 tempore
1334 1064 1410 1102 tale
1423 1075 1693 1107 commentum

885 1114 1093 1158 emerserat
1104 1147 1116 1165 ,
1141 1118 1245 1159 edita
1255 1130 1407 1159 tanturn
1422 1121 1461 1159 δε
1474 1122 1557 1161 asta
1567 1121 1696 1163 fabula

884 1170 950 1213 sub
961 1172 1081 1215 finem
1098 1177 1264 1216 Neronis
1275 1176 1428 1229 imperii
1444 1191 1453 1215 :
1483 1189 1567 1218 tum
1591 1181 1697 1235 quod

885 1229 1008 1271 Bassus
1020 1245 1090 1284 pro
1100 1244 1115 1272 t
1124 1231 1278 1273 helhum
1288 1233 1534 1282 carbone5,ut
1545 1235 1694 1285 dicunt,

884 1285 1151 1344 thesaurusque
1171 1292 1238 1329 illc
1261 1291 1432 1330 extiterit
1469 1305 1666 1347 nunquam
1683 1322 1697 1340 ,

884 1341 946 1385 sed
960 1359 1025 1398 pet
1035 1348 1207 1401 quietem
1221 1347 1377 1387 turbido
1389 1347 1541 1400 homini
1555 1352 1596 1390 &
1610 1353 1701 1390 Poe·

889 1415 943 1442 no
956 1401 1053 1444 visus
1068 1405 1106 1444 ὅ(
1122 1416 1291 1458 repertus
1304 1417 1455 1445 tantum
1470 1434 1485 1454 ‚
1500 1418 1582 1446 non
1596 1407 1703 1448 exhi-

890 1457 992 1499 bitus
1013 1473 1142 1500 revera
1169 1463 1317 1502 Neroni
1330 1476 1372 1501 ex
1383 1462 1458 1502 fide
1471 1462 1558 1502 data
1569 1462 1702 1513 sperit,

887 1516 1046 1557 exitium
1082 1531 1185 1558 vano
1209 1520 1463 1572 pollicitatori
1490 1521 1530 1559 δε
1553 1522 1705 1563 auctori

887 1574 1070 1614 allaturus
1085 1603 1098 1622 ‚
1114 1574 1183 1614 nisi
1196 1586 1322 1615 morte
1334 1577 1546 1616 voluntaria
1560 1578 1706 1630 princi··

891 1633 948 1683 pis
970 1631 1260 1672 immanitatem
1275 1631 1531 1686 praevenisset:
1560 1647 1600 1675 ut
1613 1649 1701 1687 pro·

895 1686 1022 1728 babile
1036 1690 1159 1742 magis
1172 1688 1229 1736 fit,
1244 1691 1422 1729 Tacitum
1437 1689 1579 1743 porius,
1590 1689 1706 1734 alios-

893 1759 965 1800 que
991 1744 1316 1800 historiographos
1360 1748 1375 1801 (
1390 1745 1417 1786 fi
1442 1748 1506 1802 qui
1535 1748 1705 1799 ejusdem

892 1804 1107 1842 commenti
1121 1803 1395 1857 meminerint)
1410 1805 1456 1844 ad
1469 1803 1569 1844 hunc
1581 1808 1707 1861 Virgi-

892 1860 933 1898 lii
948 1862 1077 1900 locum
1090 1859 1327 1915 respesturos
1336 1859 1444 1903 fuiffe
1455 1891 1466 1910 ,
1483 1876 1598 1918 quam
1611 1877 1708 1905 con‹

887 1928 964 1956 na.
993 1924 1199 1958 Germanus.

949 1974 1182 2026 Thefizuros]
1214 1980 1297 2016 Hoc
1312 1987 1459 2015 nomen
1475 2002 1490 2025 ‚
1503 1993 1530 2015 n·
1542 1988 1625 2017 non
1639 1976 1708 2017 ha·

893 2029 959 2070 bet
971 2030 1194 2073 ficutAtlas
1208 2060 1223 2080 ,
1250 2040 1362 2079 Tm,
1391 2035 1531 2080 Abas,
1558 2034 1681 2075 Pallas
1698 2048 1710 2072 :

889 2089 980 2128 licet
992 2089 1032 2128 in
1047 2088 1217 2144 obliquis
1230 2088 1372 2130 cafibus
1385 2090 1617 2131 inveniatur.
1640 2090 1710 2130 fic-

895 2157 936 2186 ut
952 2150 1197 2201 necfhrmosus
1210 2175 1222 2194 ‚
1248 2147 1338 2201 quia
1350 2146 1607 2187 derivativum
1619 2147 1672 2188 est
1686 2145 1709 2189 Ξ

884 2206 1002 2254 forma
1017 2222 1029 2243 :
1058 2215 1100 2243 ut
1112 2201 1134 2243 {1
1138 2206 1251 2259 speeie
1254 2206 1428 2259 speciofiu
1441 2232 1451 2250 ‚
1469 2203 1517 2243 ab
1529 2206 1604 2245 odio
1616 2206 1711 2244 odio-

882 2264 947 2315 sus
958 2291 971 2309 ,
1006 2262 1105 2302 velut
1120 2258 1141 2301 ᾗ
1151 2263 1464 2318 generegenerofics
1476 2291 1490 2310 ,
1504 2275 1546 2303 ut
1558 2263 1713 2315 a'fielere

883 2320 1082 2371 stelerosus.
1115 2319 1277 2358 Servius.

950 2375 1176 2427 Thefhuros.]
1201 2374 1376 2428 Plerique
1400 2387 1482 2414 non
1508 2374 1713 2427 virgiliani

894 2441 1044 2471 tantum
1070 2431 1222 2471 codices
1243 2432 1417 2485 antiqui,
1445 2432 1710 2472 verumetiam

894 2487 1122 2527 Terentiani
1145 2488 1349 2540 thensauros
1372 2501 1436 2540 per
1452 2505 1475 2527 n
1488 2516 1505 2536 ‚
1529 2485 1710 2541 scriptum

896 2542 1126 2584 ostendunt:
1163 2543 1313 2600 fuitque
1348 2545 1496 2585 Servius
1532 2543 1639 2598 super
1664 2558 1709 2584 ea

894 2597 1099 2653 scriptione
1123 2599 1308 2642 sollicitus
1326 2629 1339 2650 e
1380 2603 1421 2640 &
1444 2614 1487 2640 ex
1519 2600 1711 2642 veteribus

892 2658 1048 2710 quidam
1061 2659 1140 2698 alii.
1168 2664 1259 2716 Qo
1272 2659 1379 2698 enim
1392 2658 1513 2698 modo
1528 2659 1588 2698 hic
1599 2660 1709 2699 rhen-

881 2717 1166 2768 slzuroslegitur,
1177 2717 1230 2755 ita
1247 2717 1341 2756 &in
1356 2716 1516 2770 antiquo
1529 2717 1710 2756 Terentii

891 2772 1023 2813 codice
1047 2774 1236 2816 Vaticanae
1261 2771 1503 2813 bibliothecae
1529 2770 1709 2827 scriptum
1775 2807 1778 2809 Α

892 2828 944 2868 est
959 2858 970 2875 ‚
983 2842 1061 2885 atq.
1075 2833 1112 2870 in
1123 2831 1307 2885 tlJenfizuro
1319 2827 1459 2883 scripsit
1471 2828 1631 2870 caussam
1645 2830 1680 2869 di
1691 2851 1708 2860 -

892 2899 976 2926 cere
988 2888 1092 2927 unde
1105 2884 1194 2928 effet
1206 2888 1413 2940 thensaurus
1429 2886 1511 2926 fibi.
1555 2889 1714 2928 Clamat

894 2945 1042 2984 servius
1068 2958 1216 2984 nornen
1240 2943 1312 2984 hoc
1325 2962 1347 2984 n
1363 2945 1532 2984 litteram
1548 2958 1629 2984 non
1645 2944 1712 2983 ha-

891 2998 993 3047 bere,
1007 3000 1096 3041 ficut
1110 3015 1180 3042 nec
1193 3007 1329 3048 Atlas,
1345 3004 1466 3057 Gigas,
1482 3005 1610 3046 Abas,
1626 3006 1711 3042 Pal-

892 3063 960 3098 las.
993 3059 1103 3098 Licet
1132 3060 1174 3099 in
1201 3058 1370 3112 obliquis
1381 3057 1523 3099 casibus
1537 3060 1716 3098 invenia-

893 3127 954 3157 tur
963 3115 1207 3166 ,Atlantis,Gi
1213 3117 1357 3172 gantis,
1368 3116 1553 3165 Abantis,
1565 3117 1717 3157 Pallan-

1646 3184 1714 3214 118.
