2037 3787
452 154 922 214 AEnernos
1008 150 1267 210 Lrn.I.

1611 161 1712 221 129

156 256 329 319 Marte
345 257 511 340 gravis
530 255 794 337 geminam
814 268 959 330 partu
975 249 1117 308 dabit
1131 249 1225 306 Ilia
1240 247 1467 329 prolem.

25 340 61 401 '2
72 365 138 424 75
158 342 284 401 Inde
302 344 432 420 lupae
449 335 594 398 fulvo
611 336 819 394 nutricis
833 334 1068 416 tegmine
1085 335 1231 390 laetus

154 426 414 484 Romulus
428 422 651 500 excipiet
666 436 879 501 gentem
894 456 911 484 ,
947 424 1002 477 δε
1021 414 1282 476 Mavortia
1297 411 1495 471 condet

1479 486 1712 556 Moenia,

20 631 241 688 pitudinem
271 630 442 685 fingunt.
501 641 575 670 nec
600 628 844 683 incongrue:
883 629 964 679 iam
1000 627 1149 680 pridem
1165 626 1343 669 Nobiliss
1361 623 1534 668 Heinsius
1548 621 1712 663 innotis

22 702 116 730 nam
141 690 358 728 meretrices
383 691 489 740 lupas
502 699 704 727 vocamus:
735 686 838 726 unde

26 748 68 786 δι
79 745 283 798 lupanaria.
327 748 376 784 Et
387 743 536 784 constat
548 745 622 785 hoc
633 744 777 783 animal
792 744 834 782 in

20 806 144 843 tutela
166 799 239 842 effe
262 803 411 850 Martis.
451 802 524 841 Sed
546 801 594 841 de
618 802 771 854 origine
795 802 835 840 &

23 859 231 900 conditore
242 859 349 900 urbis
364 888 378 907 ‚
402 856 548 899 diversa
561 857 583 898 a
595 856 748 898 diversis
763 868 839 897 tra-

23 916 180 957 duntur.
224 917 378 956 Clinias
401 915 518 956 refert
541 914 765 955 Telemachi
790 913 835 953 fi-

20 973 118 1014 liam
142 978 300 1014 Romen
316 974 479 1014 nomine
492 1002 507 1022 ‚
532 978 660 1014 AEneae
675 984 834 1024 nuptam

18 1027 167 1079 fuine.
187 1044 231 1071 ex
252 1033 360 1079 cujus
384 1030 573 1071 vocabulo
587 1034 755 1070 Romam
769 1040 835 1080 ap-

20 1088 204 1142 pellatam
231 1092 254 1116 *
270 1093 294 1117 *
311 1091 332 1117 *
360 1089 455 1129 dicit
466 1089 649 1127 Latmum
661 1098 706 1124 ex
724 1085 838 1126 Ulixe

23 1145 69 1186 &
81 1146 194 1185 Circe
205 1145 354 1185 editum
367 1146 415 1186 de
429 1144 594 1185 nomine
613 1139 754 1182 sororis
767 1140 836 1182 suae

23 1214 186 1243 mortuae
211 1207 366 1243 Romen
389 1202 586 1242 civitatem
620 1196 830 1254 appellasse.

19 1259 172 1309 Adejus
187 1257 326 1300 adserit
339 1265 510 1300 Romam
523 1269 612 1298 ante
624 1257 834 1297 adventum

20 1317 194 1357 Evandri
243 1315 310 1356 diu
347 1315 566 1357 Valentiam
608 1315 834 1354 vocitatam.

23 1372 100 1412 Sed
120 1372 206 1426 Post
218 1423 220 1425 ‚
232 1377 364 1413 Graeco
377 1373 542 1412 nomine
556 1376 712 1412 Romen
728 1372 837 1411 voci-

21 1439 163 1469 tatam.
198 1430 279 1470 Alii
291 1427 314 1469 a
325 1429 404 1470 filia
418 1429 585 1470 Evandri
598 1430 652 1468 ita
664 1428 809 1469 distam
824 1441 837 1473 3

9 1486 88 1527 *alii
102 1483 125 1526 Ξ
136 1485 392 1542 fatidica,qu:e
407 1484 629 1540 praedixiffet
641 1485 837 1531 Evandro,

22 1542 83 1584 his
109 1556 199 1584 eum
221 1545 317 1584 locis
328 1556 509 1597 oportere
520 1542 726 1584 confidere.
758 1547 834 1583 He-

21 1600 182 1641 :aclides
205 1602 260 1641 ait
280 1605 438 1642 Romen
455 1601 632 1640 nobilem
643 1601 834 1654 captivam

22 1660 238 1706 Troianam
252 1658 323 1698 huc
335 1656 514 1712 appulisse
527 1687 540 1706 ,
570 1660 609 1697 ὃς
623 1658 737 1697 taedio
751 1670 834 1697 ma-

24 1715 77 1755 tis
88 1711 231 1755 suasisse
245 1713 373 1756 sedem
390 1745 402 1761 ‚
426 1728 471 1755 ex
482 1716 586 1762 cujus
600 1716 766 1755 nomine
778 1729 840 1755 ur-

24 1769 117 1813 bem
129 1784 314 1813 vocatam.
358 1772 654 1820 Eratosthenes,
684 1771 841 1814 Ascanii

27 1833 159 1883 AEneae
181 1830 255 1870 filii
277 1832 494 1871 Romulum
516 1843 718 1884 parentem
733 1829 841 1871 urbis

26 1886 158 1927 refert.
192 1888 342 1929 Naevius
369 1890 408 1928 &
437 1889 613 1935 Ennius,
641 1893 770 1929 AEneae
795 1899 839 1927 ex

9 1942 107 1984 'filia
130 1957 317 1998 nepotem
347 1946 563 1987 Romulum
588 1945 838 1986 conditorem

26 2000 133 2042 urbis
154 2002 322 2043 tradunt.
358 2002 502 2058 Sibylla
525 2003 580 2042 ita
602 2002 698 2044 dicit
712 2031 726 2051 ‚
753 2008 839 2043 Ρω-

27 2059 142 2110 μαῖοι
157 2058 274 2111 Ρῶμε
290 2059 442 2101 miste.
472 2068 580 2101 Serv.

81 2118 266 2172 Regiam]
310 2119 431 2172 Regis
469 2117 550 2157 filia
571 2115 722 2158 abusive
745 2117 840 2161 dicit

28 2183 142 2213 more
163 2175 330 2227 poetico.
359 2186 400 2216 ut
426 2174 547 2222 alibi,
572 2180 746 2229 Magnum
782 2192 842 2216 re-

22 2232 116 2285 ginae
131 2231 197 2283 fid
209 2235 302 2270 enim
315 2234 500 2285 miseratus
511 2248 663 2273 amorem
679 2261 690 2280 ,
717 2233 758 2272 id
772 2233 839 2280 est,

28 2287 128 2340 tegis
137 2286 224 2326 filiae
235 2286 443 2339 Pasiphaes.
466 2290 584 2330 Idem.

87 2345 261 2400 Regina]
292 2345 385 2402 Qae
397 2346 571 2400 quamvis
583 2347 764 2400 geminos
777 2359 844 2399 pa*

28 2399 131 2441 tiat:
165 2401 216 2441 ad
241 2415 362 2442 unum
389 2404 606 2443 Romulum
632 2403 840 2455 imperium

24 2469 297 2511 perventurum
322 2458 515 2508 ostendit,
541 2460 840 2513 &parricidium

6 2552 9 2556 ,
28 2515 198 2556 occultat
209 2545 222 2564 ‚
252 2519 292 2557 &
311 2520 515 2556 Romanos
527 2514 550 2557 a
564 2522 698 2557 Romo
712 2520 840 2571 appel-

25 2571 148 2613 latum
174 2573 242 2613 iri:
267 2573 330 2629 qui
358 2585 471 2614 tanta
495 2571 840 2614 sintfelicitatere-

10 2630 178 2684 ·gnaturi
202 2658 216 2679 ,
254 2643 296 2671 ut
333 2632 450 2671 nullis
471 2632 684 2672 alterorum
705 2644 841 2686 regum

25 2688 206 2727 terminis
218 2687 453 2729 claudantur.
485 2694 661 2731 Donatus.

79 2745 258 2785 Sacerdos.
277 2747 295 2796 ]
339 2745 443 2801 Quia
465 2745 514 2786 ab
539 2746 704 2787 Amulio
725 2744 842 2787 vestae

22 2799 136 2855 virgo
148 2799 220 2841 esst
231 2800 321 2849 juffa
334 2802 388 2842 est
401 2831 414 2849 ,
442 2816 492 2843 ne
505 2805 541 2844 ei
555 2815 710 2857 propter
720 2803 840 2843 eden-

20 2855 114 2898 dam
139 2856 318 2900 sobolem
341 2858 500 2901 facultas
520 2852 612 2902 esset
624 2862 842 2916 virojungi.

19 2917 183 2956 Servius.

79 2985 173 3023 274.
206 2978 329 3014 Marte
344 2975 521 3029 gravam]
561 2975 739 3016 Gravida.
770 2983 841 3022 ut,

0 3050 1 3056 ¹
21 3033 103 3071 Non
115 3031 402 3087 infieetagraveiaes
418 3034 612 3075 tentabunt
622 3036 753 3089 pabula
769 3036 846 3084 soe-

25 3095 101 3126 tas.
134 3086 260 3127 Idem.

33 3205 36 3208 Δ
79 3144 434 3244 Ilia.}017-,1,oc1itel=rum
448 3158 596 3188 nomen
610 3144 698 3196 effe,
711 3145 844 3189 docuit·

887 685 933 724 ad
950 685 1066 724 Ovid.
1083 684 1219 726 Fast.l.
1236 701 1273 728 2.
1292 684 1353 734 ybs.
1370 685 1464 740 383.
1492 688 1585 735 Qae
1607 677 1708 732 apud

888 740 981 798 Just.
995 743 1024 782 l.
1038 756 1086 793 43
1097 766 1106 781 .
1121 754 1151 781 c.
1174 757 1207 783 2.
1224 746 1344 785 Rhaea.
1390 741 1453 783 Ab
1467 740 1553 780 aliis
1565 740 1698 777 Silvia.

889 799 995 838 Male
1017 797 1067 838 ab
1090 800 1328 849 AElianol7.
1344 800 1446 840 c.16.
1474 793 1615 851 EepCa‘oe
1636 806 1711 848 ap·-
1735 823 1738 828 .

887 856 1064 908 pellatur.
1091 858 1299 909 Emmeneffl
1497 876 1499 878 >

944 916 1038 966 2‘75.
1071 913 1203 966 Inda]
1238 911 1322 955 Post
1339 940 1350 957 ,
1377 908 1591 951 veldeinde
1608 935 1621 955 ,
1648 906 1710 948 vel

887 979 979 1009 tunc
991 997 1007 1017 ‚
1046 969 1276 1011 adverbium
1298 969 1375 1011 loci
1400 981 1471 1022 pro
1499 965 1706 1019 temporis.

887 1031 1041 1069 Servius.

942 1090 1046 1140 Lapae
1058 1086 1245 1137 nutricia]
1271 1088 1406 1124 Feram
1417 1078 1526 1121 fuiss'e
1542 1107 1553 1125 ,
1580 1077 1712 1120 credat

886 1140 1037 1195 Judaeus
1063 1143 1212 1195 Apella.
1258 1141 1381 1184 Reste
1406 1138 1524 1180 Ovid.
1539 1138 1712 1179 1.2.Fa-

887 1197 975 1237 stor.
994 1197 1058 1248 ybs.
1073 1214 1165 1251 412.
1257 1195 1260 1198 ’

912 1260 1027 1297 Venit
1050 1256 1100 1296 ad
1123 1255 1292 1310 expositos
1319 1260 1340 1304 (
1341 1255 1488 1295 mirum!
1489 1256 1511 1299 )
1524 1255 1607 1307 lupa
1610 1252 1712 1302 foetae

1054 1314 1236 1355 Gemellos.

942 1373 1041 1427 Qis
1051 1372 1176 1412 credat
1185 1371 1305 1425 pueris
1318 1385 1384 1408 non
1396 1365 1681 1420 nocuiffiferam?
1688 1414 1692 1417 Δ

888 1428 1148 1469 prostibulum
1159 1424 1538 1477 fuit,Faustuli,regii
1553 1419 1715 1476 pastoris

885 1487 1213 1531 uxor,Laurenria
1238 1485 1342 1525 dista
1359 1511 1370 1530 ‚
1396 1484 1436 1521 &
1462 1479 1715 1533 impudicitiae

883 1553 978 1594 ergo
990 1544 1093 1583 male
1115 1544 1218 1584 inter
1242 1540 1410 1595 pastores
1434 1537 1594 1579 audiens
1622 1541 1711 1590 lupa

870 1599 873 1602 ’
886 1601 1074 1651 appellata
1085 1600 1151 1640 est.
1198 1599 1294 1639 Inde
1316 1602 1467 1652 lupanar
1482 1609 1550 1648 pro
1562 1593 1714 1633 stabulo

890 1653 1123 1696 meretricio.
1151 1661 1227 1697 Pro
1241 1656 1308 1695 hac
1322 1655 1422 1695 stant
1434 1650 1625 1692 sententia
1647 1663 1714 1690 ve-

888 1723 1012 1754 terum
1029 1715 1184 1768 optimi.
1206 1720 1279 1756 Pro
1303 1724 1460 1765 utraque
1472 1711 1632 1764 quinam
1653 1707 1713 1747 fa-

885 1771 1015 1819 ciant,
1049 1773 1203 1813 notavit
1216 1768 1507 1812 Freinshemius
1533 1766 1584 1807 ad
1607 1766 1713 1806 Flor.

887 1827 960 1868 lib.
980 1844 1008 1869 r·
1029 1841 1103 1870 cd.
1141 1830 1344 1884 Emmeneffi

952 1891 1061 1927 Fulvo
1088 1887 1277 1944 tegmina]
1308 1884 1354 1925 1d
1381 1883 1460 1930 est,
1487 1881 1712 1937 pellelupae;

897 1957 970 1998 qua
996 1945 1174 1986 utebatur
1201 1941 1527 1996 morepastorum.
1561 1936 1626 1979 sed
1639 1940 1714 1978 hoc

893 2003 1004 2042 multi
1016 2002 1385 2056 reprehendunt‚cur
1399 1997 1558 2040 nutricis
1568 1996 1713 2050 tegmi-

893 2072 942 2099 ne
968 2057 1055 2100 usus
1078 2059 1122 2100 fit
1136 2090 1148 2107 ,
1177 2061 1241 2114 qui
1266 2059 1422 2113 gemina
1445 2057 1598 2096 ratione
1608 2053 1714 2095 refu-

891 2128 1046 2158 tantur:
1072 2119 1131 2158 vel
1143 2117 1305 2158 falsitate
1319 2114 1482 2161 fabulae,
1508 2113 1567 2153 vel
1582 2125 1714 2152 exem-

891 2172 956 2227 plo
995 2175 1135 2232 Jovis‚
1171 2176 1237 2231 qui
1263 2186 1380 2226 caprae
1406 2171 1567 2212 nutricis
1590 2170 1714 2210 utitut

892 2233 1006 2285 pelle.
1038 2234 1141 2274 unde
1155 2236 1285 2273 Graece
1296 2229 1469 2281 αἰγιιλός
1482 2228 1709 2281 appellatur.

894 2295 991 2330 Sane
1016 2294 1168 2347 tegmine
1195 2290 1308 2331 multi
1323 2288 1481 2343 antique
1494 2286 1643 2326 dierum
1656 2281 1715 2324 as-

890 2344 1048 2395 serunt,
1086 2348 1175 2403 quia
1208 2357 1446 2402 tegumentum
1470 2343 1544 2384 dici
1570 2341 1712 2383 debete

891 2403 1100 2444 affirmant.
1131 2407 1291 2444 Servins.

951 2462 1103 2512 Laetus]
1133 2462 1286 2501 Virtute
1297 2461 1429 2500 alacer.
1458 2459 1520 2499 vel
1534 2456 1622 2511 quia
1634 2467 1711 2499 avo

891 2528 1054 2570 regnum
1078 2517 1320 2565 reddiderat3
1343 2517 1404 2558 vel
1427 2515 1518 2569 quia
1543 2512 1621 2568 ipse
1637 2527 1713 2554 no-

895 2587 982 2614 vam
1010 2574 1147 2615 urbem
1163 2576 1203 2616 &
1217 2587 1365 2615 novum
1377 2571 1570 2613 condebat
1581 2573 1712 2627 impe-

893 2632 1007 2672 rium.
1042 2632 1159 2672 Idem.
1590 2639 1593 2640 ⁷

962 2689 1057 2740 276.
1090 2688 1300 2739 Romulum]
1349 2691 1454 2726 Bene
1490 2686 1709 2728 Romulum

892 2742 1019 2787 solum
1043 2747 1127 2797 ait,
1151 2743 1390 2787 diffimulans
1414 2743 1462 2784 de
1486 2744 1705 2799 parricidio.

891 2804 1008 2845 Idem.

950 2863 1111 2918 Excipiet
1129 2858 1305 2917 gentem]
1335 2858 1466 2898 Remo
1489 2854 1710 2899 scilicetin-

891 2930 1109 2973 tei-empto,
1149 2916 1232 2970 post
1253 2917 1356 2967 cujus
1376 2927 1548 2955 mortem
1572 2926 1707 2956 natatu

892 2976 1043 3019 constat
1079 2973 1351 3028 pestilentiam.
1395 2972 1498 3013 unde
1533 2969 1710 3013 consulta

894 3036 1042 3074 oracula
1067 3034 1244 3074 dixerunt
1260 3058 1272 3077 ,
1296 3031 1506 3084 placandos
1524 3028 1599 3069 esse
1624 3041 1711 3068 ma-

897 3105 964 3131 nes
974 3089 1104 3132 fratris
1115 3087 1277 3131 extinsti
1287 3099 1303 3133 ;
1330 3085 1383 3127 ob
1398 3101 1513 3143 quam
1525 3099 1607 3127 rem
1620 3083 1711 3127 seua

896 3149 1038 3192 curulis
1061 3160 1152 3192 cum
1174 3143 1322 3201 sceptro
1337 3146 1561 3193 &corona.
1588 3145 1711 3185 &cz-

1211 3208 1214 3212 '
1319 3205 1342 3243 1
1621 3199 1716 3241 tetis
