2037 3787
499 114 958 174 'AENETDOS
1008 108 1416 177 *L112.111.'

1661 114 1773 202 333·

219 203 473 286 Iasiusque
490 221 632 283 pater
648 243 665 268 ,
683 223 845 285 genus
864 201 893 260 Ξι
910 223 1016 282 quo
1034 204 1262 284 principe
1281 204 1538 277 nostrum,

221 295 381 348 Suroe
393 309 487 369 age
507 326 523 352 ‚
542 294 596 344 δε
616 284 723 343 haec
740 288 883 344 laetus
898 287 1144 367 longaevo
1161 288 1298 346 dicia
1315 289 1514 368 parenti

316 338 348 372 t>

33 436 40 443 ,
103 392 210 452 170
224 372 382 431 Haud
398 368 674 430 dubitanda
690 367 820 428 refer
841 394 854 428 ε
879 369 1177 449 Corythum
1198 409 1215 437 ,
1234 369 1491 451 terrasque
1506 368 1714 450 require

87 537 180 579 lista
197 537 307 577 Italia
324 564 335 581 ,
361 534 583 590 profest0s3
607 532 669 574 sed
685 533 819 575 Iasium
836 539 901 574 Sa-

89 593 345 634 mothraciam
359 596 525 646 imperio
539 590 695 632 tenuisse
710 605 722 637 3
755 593 900 632 Darda-

89 663 184 691 num
211 664 299 690 vero
313 651 353 689 'm
375 654 544 704 Frygiarn
562 646 765 702 pervenisse
780 677 792 694 ,
824 648 898 688 ibi-

87 720 161 761 que
172 709 315 746 auxilio
329 706 434 746 fuiss‘e
449 705 838 754 Teucro‚3carnandri
853 705 898 744 fi-

83 764 157 812 lio,
176 766 239 819 qui
255 778 336 804 tum
350 763 537 803 finitimas
550 776 682 818 gentes
697 762 800 801 bello
812 759 901 804 sub-

83 820 242 875 igebat,
267 821 467 875 filiamque
493 824 572 866 eius
597 817 736 860 duxisse
761 820 802 858 in
817 831 896 857 ma-

83 879 316 918 trimonium
343 907 354 925 ‚
400 881 438 918 &
467 878 549 931 post
581 889 748 916 mortem
779 873 896 914 soceri

82 947 247 988 regnum
271 935 450 987 adeptum
465 964 474 981 ,
509 936 734 974 D.1rdaniam
760 935 895 980 Troja-

82 1004 178 1031 naxn
205 994 406 1046 regionem
428 990 477 1031 ab
500 989 566 1031 suo
595 991 756 1031 nomine
768 991 895 1042 appel-

80 1047 182 1088 lasse.
218 1052 336 1089 Graeci
365 1052 403 1088 ὅ(
428 1055 547 1090 Varro
574 1047 824 1088 humanarum
839 1059 896 1085 re-

81 1118 169 1145 rum
190 1134 201 1152 ,
216 1107 441 1146 Dardanum
458 1119 538 1144 non
554 1118 598 1144 ex
614 1105 725 1144 Italia
748 1130 760 1148 ‚
772 1100 833 1142 secl
847 1103 894 1142 de

81 1163 250 1202 Arcadia
263 1162 515 1203 urbel’hcneo
527 1161 736 1201 oriundum
749 1159 895 1201 dicunt:

82 1220 151 1258 alii
180 1217 431 1259 Cretensem:
461 1220 523 1258 alii
551 1219 648 1257 circa
674 1218 890 1265 Troiam&

84 1277 194 1314 Idam
223 1288 369 1316 natum.
403 1281 500 1314 Sane
525 1288 589 1328 per
602 1275 893 1328 patrisappella-

78 1332 232 1372 tlonem
245 1334 536 1386 cognationem.
553 1362 562 1370 .
580 1363 588 1372 .
609 1361 618 1370 .
634 1337 655 1358 *
693 1335 848 1371 servitu.

140 1392 234 1428 Hinc
246 1390 439 1429 Dardanus
450 1389 581 1440 ortua]
601 1387 889 1433 Ostendit,cum

80 1446 231 1498 Apollo
244 1446 336 1486 dixit
353 1462 363 1486 ς
377 1451 468 1502 Qae
482 1462 543 1485 vos
554 1446 576 1484 d
585 1445 694 1500 stirpe
703 1457 889 1499 parentum

83 1509 126 1542 P.
137 1506 210 1541 ima
223 1507 304 1542 tulit
318 1503 379 1542 tcll
392 1522 433 1548 ω,
448 1517 529 1542 non
543 1503 589 1542 de
604 1505 720 1541 Creta
733 1504 772 1541 &
786 1505 881 1541 Teu

79 1570 172 1597 cro:
194 1556 257 1599 sed
280 1561 326 1599 de
352 1561 463 1598 Italia
490 1561 528 1599 ὃ(
547 1560 728 1599 Dardano
742 1556 889 1599 essein-

84 1616 350 1669 telligendum.
386 1622 558 1656 Donatus.

141 1675 232 1716 168·
267 1682 382 1714 Genua
406 1673 430 1711 a*
455 1689 517 1727 quo
540 1674 692 1726 principe
703 1672 884 1726 nostrum.]

80 1730 173 1769 Non
197 1729 247 1769 ab
276 1729 400 1777 Iafio,
422 1727 486 1770 sed
510 1727 531 1769 Ξ
551 1731 756 1769 Dardano:
791 1743 884 1768 nam

73 1788 267 1827 anteriori
280 1785 492 1840 respondit.
505 1786 622 1837 Quod
637 1799 764 1826 autem
779 1786 886 1831 dicit,

77 1849 129 1884 ,Α
157 1848 496 1900 quoprincipegenm
509 1842 656 1896 nostrum
668 1843 715 1897 est
729 1861 741 1882 :
764 1843 887 1895 potest

79 1909 211 1941 tamen
237 1905 277 1941 ὅ(
301 1902 708 1954 generaliterintelligi
726 1929 736 1947 ,
763 1899 888 1946 idest,

78 1959 182 1998 unde
204 1961 398 2012 originem
421 1958 594 1998 ducimus
609 1987 620 2005 ‚
647 1970 688 1998 ut
704 1963 809 1997 Deos
823 1971 889 2008 pe-

74 2026 185 2055 nates
200 2044 212 2061 ‚
240 2015 338 2070 quasi
350 2017 544 2061 Troianos
557 2015 749 2068 intelligas
766 2017 828 2054 2&
843 2015 890 2054 ad

77 2073 198 2112 ritum
222 2072 381 2117 referri,
407 2072 454 2111 de
479 2086 555 2126 quo
577 2072 672 2111 dicit
697 2071 830 2111 Labeo
843 2072 884 2112 in

77 2129 186 2168 libris
203 2157 216 2176 ‚
236 2129 299 2183 qui
314 2130 549 2181 appellantur
563 2157 574 2173 ,
602 2135 658 2169 De
682 2131 754 2168 dila
767 2130 889 2182 quibus

76 2188 166 2241 origo
179 2189 343 2226 animalis
357 2186 419 2239 est:
433 2187 474 2224 in
490 2184 692 2239 quibusait
705 2183 776 2224 effe
789 2198 886 2236 quae-

76 2241 166 2281 dam
181 2241 277 2283 sacra
291 2272 302 2289 ‚
318 2243 453 2297 quibus
466 2244 602 2280 animae
617 2242 791 2281 humanae
805 2256 887 2281 ver-

77 2310 207 2339 tantur
219 2302 259 2339 in
274 2302 366 2340 deos
383 2318 402 2346 ‚1
421 2299 486 2351 qui
498 2300 737 2352 appellantur
750 2303 887 2338 anima-

75 2359 154 2405 les,
181 2358 283 2410 quod
309 2358 355 2396 de
379 2357 521 2395 animis
545 2356 652 2395 fiam.
682 2357 732 2395 Hi
757 2367 886 2396 aute-m

75 2410 164 2454 sunt
178 2416 234 2454 dii
249 2425 406 2467 penates
420 2415 459 2452 &
474 2414 608 2453 viales.
641 2416 799 2452 Servius.

140 2471 225 2522 169.
251 2479 357 2526 Surge
381 2471 485 2525 aga]
515 2470 739 2509 ostenditur
750 2483 816 2522 per
829 2466 887 2508 so-

76 2539 214 2568 mnum
231 2527 758 2581 hoc.vidiffe,quamvisaliqui
772 2540 884 2579 expo-

76 2597 172 2624 nant
184 2588 350 2639 insbmnis
367 2615 379 2633 ,
394 2586 432 2624 id
446 2584 499 2623 est
518 2612 528 2627 ,
545 2585 719 2638 vigil-³138·
752 2591 884 2624 Donat.

134 2644 282 2693 Laetusff
305 2642 349 2682 1d
363 2643 430 2688 est,
443 2639 578 2680 omissa
591 2640 758 2684 tristitia,
773 2655 884 2694 quani

79 2697 127 2737 de
151 2697 261 2738 sociis
287 2699 452 2739 habebat
475 2697 644 2743 amiffis3
669 2701 727 2737 vel
753 2700 840 2752 quia
855 2698 887 2736 ci

77 2754 289 2809 designatus
313 2757 512 2796 evidenter
533 2754 658 2795 fuerat
681 2757 785 2795 locus
802 2784 812 2801 ,
840 2756 887 2794 ad

77 2824 199 2865 quem.
217 2812 294 2854 fine
317 2827 447 2854 errore
473 2815 511 2852 ὃς
537 2826 691 2867 pergere
706 2815 745 2853 δε
762 2826 886 2865 perve-

80 2869 164 2908 nire
175 2869 344 2910 deberet.
377 2874 535 2910 Servius.

134 2933 305 2980 Longa-vo.
328 2929 343 2978 ]
393 2929 554 2966 Occulte
579 2926 740 2978 corripit
768 2924 886 2979 ipsum

76 2978 208 3022 senem
222 2997 234 3029 ς
253 2985 300 3023 de
312 2985 464 3038 origine
478 2982 630 3024 suorum
647 2997 729 3023 non
743 2982 889 3024 debuis-

77 3036 220 3079 stfalli.
253 3048 434 3081 Donatus.

135 3110 223 3150 170.
255 3098 365 3139 Haud
389 3096 588 3139 dubitanda
610 3099 712 3148 refer.
729 3098 748 3151 ]
787 3091 886 3135 ideo

1598 459 1638 510 A
1650 451 1769 511 uso-

953 534 1084 575 dicunt
1108 535 1136 576 fi
1148 536 1248 577 forte
1263 545 1345 576 non
1358 537 1529 578 crederet
1540 564 1553 582 ‚
1581 536 1685 591 quod
1703 550 1770 590 per

952 589 1146 633 somnium
1162 595 1269 634 vidit.
1303 598 1383 634 Aut
1397 597 1484 650 quia
1495 593 1770 634 dubitaverant

950 662 994 688 ex
1019 650 1179 690 confilio
1204 648 1404 690 Anchisae:
1446 663 1510 691 aut
1536 664 1584 690 ne
1611 663 1770 704 propter

951 702 1146 747 somnium
1164 720 1246 747 non
1260 708 1457 747 crederent
1472 721 1480 745 :
1494 712 1558 747 a'ut
1572 709 1661 763 quia
1680 721 1765 749 non

951 761 1066 802 dubie
1082 791 1098 811 ‚
1123 774 1166 803 ut
1192 765 1338 816 Apollo
1364 776 1567 804 noverunt.
1599 768 1762 807 Servius.

1009 821 1208 873 Coryshum.
1229 823 1246 872 ]
1281 820 1491 875 Defignant
1503 822 1700 861 civitatem
1716 835 1767 863 ne

947 887 1090 916 erraret
1101 904 1117 924 ‚
1147 880 1185 916 ὃ(
1200 888 1346 930 partem
1361 879 1564 931 provinciae
1578 907 1589 925 ‚
1609 892 1656 918 ne
1668 880 1766 920 alter

948 944 1054 972 error
1076 945 1295 985 procreetur
1331 947 1376 975 ex
1402 936 1671 988 magnitudine
1698 937 1763 976 lo-

945 990 1264 1046 corum.Q1idam
1278 1003 1406 1031 autem
1419 992 1466 1031 de
1474 992 1652 1046 Corytho
1665 992 1766 1033 banc

945 1044 1117 1086 fabulam
1132 1048 1287 1088 tradunt
1304 1062 1313 1086 :
1330 1049 1529 1089 Dardanus
1544 1062 1631 1089 cum
1646 1063 1766 1104 eque-

945 1101 1008 1141 stri
1024 1105 1165 1155 praelio,
1182 1104 1230 1143 ab
1246 1104 1529 1159 Aboriginibus
1542 1104 1682 1158 pulsus,
1695 1120 1763 1160 ga-

943 1160 1043 1199 leam
1070 1160 1314 1214 perdidisset,
1352 1175 1508 1215 propter
1533 1176 1649 1217 quam
1675 1163 1764 1205 refi-

945 1215 1045 1256 stens
1060 1245 1072 1263 ,
1103 1221 1141 1258 δε
1168 1220 1209 1258 in
1237 1219 1434 1259 audaciam
1462 1217 1547 1259 suos
1559 1220 1757 1268 reducens,

943 1274 1143 1315 victoriam
1156 1276 1314 1329 adeptus
1329 1277 1381 1315 est
1397 1289 1409 1323 3
1442 1289 1524 1317 tum
1538 1276 1590 1317 ob
1603 1292 1686 1317 rem
1700 1278 1759 1319 fe-

938 1330 1063 1370 liciter
1076 1332 1217 1386 gestam
1240 1363 1247 1374 .
1263 1333 1462 1386 oppidum,
1478 1334 1542 1374 ubi
1556 1335 1703 1388 galeam
1719 1348 1763 1374 a·

943 1386 1112 1436 miserat,
1125 1390 1302 1430 condidit
1313 1403 1326 1436 3
1339 1392 1398 1431 cui
1413 1391 1592 1445 Corytho
1608 1405 1758 1433 nomen

940 1445 1088 1485 indidit
1102 1475 1116 1496 ‚
1139 1460 1189 1486 eo
1202 1447 1306 1501 quod
1322 1452 1450 1488 Graece
1465 1451 1562 1489 Coris
1575 1451 1681 1502 galea
1695 1450 1756 1489 di-

936 1502 1034 1543 citur
1051 1521 1062 1550 ³
1087 1506 1145 1544 vel
1169 1505 1389 1559 Corythum
1405 1519 1602 1550 montem,
1618 1507 1660 1546 in
1673 1520 1753 1560 quo

939 1560 1134 1614 Corythus
1158 1559 1322 1614 sepultus
1335 1562 1400 1601 est.
1436 1563 1752 1617 AliiCorythum

939 1612 961 1654 ἆ
997 1617 1174 1671 Corytho
1201 1619 1344 1659 Paridis
1373 1621 1413 1659 &
1441 1625 1630 1661 Oenones
1666 1620 1754 1661 filio

936 1674 1137 1714 conditam
1153 1674 1294 1716 ferunt.
1326 1676 1441 1716 Idem.

993 1733 1183 1785 Corythum
1206 1737 1385 1787 terrastyue
1408 1734 1587 1789 require]
1620 1737 1668 1773 In
1681 1745 1753 1774 co-

935 1786 1085 1828 dicibus
1096 1791 1245 1843 aliquot
1257 1791 1427 1845 antiquis
1439 1818 1450 1836 ,
1478 1794 1638 1845 requirar
1651 1792 1752 1844 legi-

932 1854 1006 1883 tut.
1039 1846 1114 1885 Sed
1135 1849 1239 1898 plura
1263 1846 1350 1888 sunt
1363 1849 1591 1900 exemplaria
1607 1876 1618 1894 ,
1635 1861 1755 1890 manu

934 1899 1069 1954 scripta
1088 1932 1098 1948 ,
1114 1917 1193 1957 quae
1206 1917 1292 1943 cum
1309 1905 1539 1945 Mediceor&
1552 1918 1614 1951 eo,
1633 1917 1751 1959 quem

938 1958 1036 1998 mihi
1062 1962 1253 2001 Camillus
1278 1963 1430 2001 Porcius
1454 1962 1662 2016 legendum
1686 1962 1754 2002 de-

937 2016 996 2055 dit
1009 2044 1023 2063 ,
1035 2021 1193 2071 requirat
1207 2020 1319 2058 tertia
1335 2017 1494 2072 persona
1509 2020 1653 2072 legant.
1684 2019 1751 2059 Ad

939 2072 1136 2114 Anchisen
1160 2076 1267 2114 enirn
1282 2076 1355 2115 haec
1369 2076 1569 2115 referenda
1587 2075 1691 2124 sunt,
1708 2078 1750 2117 δι’

931 2131 964 2178 ej
972 2144 1011 2168 us
1028 2130 1343 2186 acquiescendum
1355 2135 1407 2173 est
1419 2132 1753 2187 sententiaezquam

932 2188 1144 2228 lectionem
1157 2191 1405 2230 Ti.Donatus
1419 2188 1751 2245 etiarnztgnoviffe

935 2244 1100 2285 Videtur·
1132 2248 1285 2287 Pierius.

992 2302 1219 2355 Corythum]
1250 2308 1344 2343 Sunt
1368 2303 1431 2357 qui
1451 2306 1539 2354 peri
1553 2299 1666 2342 scribi
1679 2315 1750 2343 vo-

933 2357 1021 2396 lunt
1035 2387 1046 2404 ,
1071 2360 1173 2397 inter
1185 2373 1281 2413 quos
1297 2358 1526 2413 Dausquius.
1568 2373 1649 2399 non
1664 2361 1753 2400 nul-

934 2414 981 2452 lis
1004 2413 1056 2452 est
1084 2417 1236 2455 Helenae
1262 2419 1300 2456 ὃ(
1315 2417 1509 2462 Menelai,
1537 2417 1622 2455 aliis
1635 2416 1689 2456 est
1702 2416 1753 2456 fi-

933 2472 1005 2511 lius
1020 2473 1163 2512 Paridis
1176 2475 1215 2514 &
1233 2475 1393 2513 Helenae.
1425 2474 1471 2512 de
1490 2474 1562 2512 hoc
1577 2474 1750 2515 Eustath‘.

934 2527 1067 2581 Odyss.
1094 2530 1133 2570 8.
1178 2532 1360 2569 meminit
1401 2530 1510 2575 huius
1545 2529 1651 2570 urbis
1675 2529 1752 2572 five

935 2586 1082 2625 montis
1098 2586 1232 2627 Noster
1246 2590 1311 2626 l.·7.
1328 2592 1418 2628 AEn.
1433 2584 1496 2635 ybs.
1512 2601 1604 2642 209.

965 2647 1059 2683 Hinc
1080 2644 1180 2683 illum
1209 2646 1348 2696 Corythi
1375 2645 1553 2700 Tyrrhena
1587 2646 1632 2686 ab
1661 2644 1754 2697 fide

1076 2704 1283 2756 prrfferfi‘um.

939 2757 1015 2797 &L
1035 2771 1096 2797 ro.
1115 2755 1175 2806 ybs.
1191 2772 1280 2811 7¹9·

981 2834 1066 2850 ·—·-.
1088 2818 1229 2870 antiqui
1244 2815 1385 2865 Corythi
1397 2814 1441 2855 de
1450 2815 1581 2861 finibus
1603 2819 1744 2856 Acran.

940 2873 1030 2910 Non
1045 2874 1176 2923 procul
1188 2870 1290 2913 abest
1304 2871 1351 2912 ab
1367 2873 1524 2913 Arretio
1538 2901 1550 2920 ‚
1566 2871 1660 2912 teste
1675 2873 1752 2912 Sil.

943 2929 1079 2968 Italico
1094 2930 1115 2967 1.
1138 2943 1174 2982 ς.
1623 2933 1625 2936 ⁴

1088 3009 1165 3018 --
1183 2983 1312 3027 Poenus
1326 3003 1415 3025 nunc
1430 2998 1564 3042 occupet
1576 2989 1664 3026 altos

971 3045 1109 3084 Arreti
1133 3059 1247 3084 muros
1262 3071 1283 3092 „
1303 3045 1446 3096 Corythi
1459 3060 1547 3082 nunc
1560 3044 1683 3083 diruat
1696 3059 1756 3083 ar-

1083 3115 1167 3140 cem.
1371 3097 1601 3142 Emmeneff.

1223 3157 1280 3197 Ll
1313 3169 1335 3211 3
1571 3161 1766 3210 171..Au-
