2037 3787
467 144 924 202 AEN1-:1nos

1010 137 1169 196 [ΑΒ.
1220 137 1312 197 ΙΙ.
1617 157 1741 218 457

176 249 318 307 Ecce
338 245 464 303 levis
480 243 686 301 summo
703 240 769 298 de
785 241 978 299 vertice
995 239 1123 298 visus
1142 240 1240 297 Iuli

177 328 414 390 Fundere
428 329 605 385 lumen
619 345 748 406 apex
766 364 783 390 ‚
801 327 1042 405 tac‘tuque
1058 323 1267 381 innoxia
1282 319 1433 380 molli

52 514 121 570 effi
144 515 238 555 inter
261 516 456 571 amplexus,
471 519 554 559 (φτ.
586 512 720 553 Aliam
734 524 865 552 tamen

56 570 333 624 expositionem
371 570 582 611 defiderant
597 592 601 616 ς
618 573 682 610 illa
728 570 863 610 Plauti.
885 609 891 615 ,

38 628 288 681 'Mostellam
323 643 356 669 1.
384 629 446 681 38.
495 631 646 682 abripite
673 629 762 667 hunc
774 630 866 666 intro

53 684 213 724 affatum
222 687 316 725 inter
327 700 463 731 munus,
476 686 514 724 ὅ(
529 685 666 724 Phaedr.
684 686 708 724 l.
729 699 764 737 5.
779 683 804 722 f.
825 685 862 725 8.

54 739 228 781 dextram
238 740 353 795 fregit
365 741 517 787 tibiam,
535 744 606 781 &a
638 745 732 780 intes
745 756 866 779 manus

45 799 234 849 fieblatus,
260 799 301 838 id
326 798 378 837 est
395 826 408 847 ,
433 798 611 838 manibus
649 809 819 852 portatus
844 793 866 835 ὲ

54 854 222 894 theatro.
266 856 484 909 Scioppium
507 856 569 894 adi
596 859 619 895 1.
641 868 676 907 3.
705 852 862 907 suspest.

60 911 148 952 lest.
164 910 272 966 epist.
289 929 321 964 5.
355 917 556 963 Emmeneff.

115 968 207 1009 68-2.
240 970 382 1021 Levia]
409 968 646 1008 proleviter.
677 966 831 1006 Servius.

121 1029 206 1065 Ecce
230 1027 322 1065 levis
338 1028 475 1078 fhmmo
499 1025 545 1064 de
570 1026 729 1068 vertice,
757 1021 863 1072 [ys]

57 1081 168 1132 Ignis
192 1083 336 1135 regium
362 1079 454 1136 saepe
466 1079 683 1135 praesagium
696 1079 794 1125 fuit,
826 1080 865 1117 &

62 1135 124 1176 hic
147 1137 313 1178 futuram
328 1167 343 1187 ,
369 1141 409 1179 δι
431 1140 599 1192 regalem
628 1134 781 1176 Ascanii
806 1133 863 1173 di-

53 1194 247 1246 gnitatem
273 1196 433 1235 notavit.
486 1195 580 1234 lnde
604 1193 701 1233 fasta
727 1204 867 1244 magna

53 1251 121 1289 illa
134 1253 356 1291 animorum
370 1251 628 1291 commutatio
643 1278 659 1298 ,
675 1262 764 1288 nam
780 1254 867 1287 An-

54 1304 174 1347 chises
187 1336 198 1353 ,
211 1320 254 1347 ut
269 1308 366 1347 vidit
379 1306 585 1348 Ascanium
597 1306 769 1346 futurum
788 1309 863 1344 Re-

55 1375 145 1416 gem
161 1395 173 1412 ,
201 1367 322 1404 alacer
343 1362 466 1404 faetus
491 1364 542 1404 est
564 1364 612 1403 ad
626 1363 782 1416 fugam,
803 1373 865 1400 re-

53 1420 228 1475 liquique
250 1434 389 1461 omnes
414 1418 516 1474 spem
542 1421 706 1461 eandem
731 1431 868 1458 conce-

53 1477 157 1529 pere.
188 1479 332 1517 Firmat
357 1479 430 1518 hoc
456 1478 609 1518 historia
624 1478 742 1517 Servii
757 1476 860 1516 Tulli

56 1535 230 1574 Romani
258 1535 387 1587 Regis.
423 1536 522 1576 Plin.
548 1534 753 1586 lib.2.cap.
773 1545 860 1582 107.

52 1595 178 1631 Servio
191 1591 283 1632 Tullo
292 1593 481 1632 dormienti
492 1597 529 1633 in
534 1594 692 1648 pueritia
704 1620 717 1637 ‚
748 1608 794 1631 ex
809 1605 866 1628 ca-

48 1650 127 1702 pite
137 1649 318 1698 flammam
332 1651 514 1703 emicuisfi.
549 1647 756 1701 Copiofior
779 1647 864 1687 Plu-

54 1706 170 1744 tarch.
187 1705 234 1745 de
249 1710 537 1746 Fortun.Rom.
568 1706 718 1757 σημεῖον
732 1706 756 1756 ’ὃ
770 1720 865 1759 χευ-

57 1761 118 1807 ςὲν
142 1762 202 1802 ἐπὶ
227 1761 516 1810 οἱωεοο-ἆὲκηπν
557 1763 747 1814 ἡγεμονίαν
774 1793 784 1809 ,
828 1761 866 1804 ’ἧς

55 1818 191 1873 ’ἔτυχε
217 1821 407 1875 bonumque
432 1821 602 1860 indicium
627 1823 796 1874 insperati
808 1837 863 1860 re·

48 1879 139 1932 gni,
165 1876 257 1931 quod
278 1880 444 1916 obtinuit.
475 1881 556 1917 Huc
578 1877 762 1917 trahenda
779 1890 862 1916 nar-

53 1934 156 1972 ratio
178 1933 225 1972 de
239 1932 348 1973 simili
362 1935 541 1988 prodigio
553 1935 737 1980 Laviniae,
750 1948 862 1987 quam

51 2002 120 2042 per
133 1990 245 2029 initia
262 2005 297 2040 7.
319 1992 472 2031 AEneid.
491 1992 607 2045 virgil
637 1989 860 2046 exsequitur.

55 2050 137 2086 Nec
151 2048 310 2087 nonilla
327 2049 441 2088 Plinii
460 2048 532 2088 lib.
549 2063 587 2089 2.
615 2061 694 2101 cap*
715 2062 778 2096 27.
816 2049 864 2089 de

57 2104 185 2143 Stellis
199 2103 436 2145 Castoribus:
467 2108 654 2145 Hominum
665 2122 797 2161 quoque
806 2122 863 2145 ca—

48 2162 132 2215 pita
155 2162 365 2214 vespertinis
393 2161 538 2216 historiis
565 2179 686 2218 magno
695 2166 861 2217 praefitgio

52 2219 328 2272 circumfulgent.
383 2222 513 2273 Atque
535 2220 652 2259 etiam
678 2220 779 2259 Livii
819 2220 865 2259 de

57 2274 209 2313 Marcio
233 2275 327 2313 duce
350 2272 418 2314 lib.
439 2289 501 2325 25.
529 2276 576 2315 ad
589 2276 709 2316 finem
727 2305 737 2322 ‚
761 2278 866 2328 flam·

57 2347 156 2371 mam
177 2333 210 2369 ei
229 2333 443 2371 concionanti
468 2334 586 2384 fuffim
609 2336 626 2372 ὲ
647 2335 760 2388 capite
789 2334 866 2383 fine

53 2388 161 2441 ipsius
172 2390 276 2440 fi’nfic
285 2404 362 2427 cum
375 2405 495 2444 magno
502 2403 631 2441 pavore
639 2389 866 2442 circumstan-

59 2447 151 2484 tium
165 2446 432 2484 militum.Tale
444 2445 625 2499 quiddam
639 2447 685 2485 de
696 2446 870 2493 flamma,

58 2514 144 2540 non
160 2513 310 2549 urente,
321 2503 423 2555 legas
436 2502 536 2542 inter
549 2503 742 2557 prodigia,
752 2505 868 2544 relata

58 2556 109 2598 ab
122 2558 259 2598 eodem
274 2559 388 2598 Livio
399 2558 465 2598 lib.
482 2572 547 2612 43.
568 2559 626 2599 his
641 2559 870 2602 verbistre-

55 2615 157 2671 gell&
169 2619 209 2655 in
221 2616 318 2655 domo
328 2622 365 2655 L.
384 2621 505 2658 Atrei
517 2617 612 2670 hasta
625 2645 639 2665 ,
664 2633 772 2672 quam
791 2619 870 2668 filio

60 2674 171 2712 militi
192 2684 324 2712 emerat
339 2699 354 2720 ‚
376 2674 535 2712 interdiu
559 2678 639 2728 plus
662 2675 753 2714 duas
767 2675 870 2716 horas

58 2729 177 2782 arsiffb
191 2757 207 2778 ‚
236 2733 290 2769 ita
301 2741 340 2768 ut
350 2730 441 2769 nihil
452 2735 530 2784 ejus
542 2732 738 2771 ambureret
759 2735 869 2786 ignis,

59 2785 258 2826 dicebatur.
288 2790 391 2839 Lege
415 2784 538 2828 versus
551 2787 759 2829 Claudiani
772 2791 815 2830 in
828 2804 866 2843 4.

59 2839 221 2882 Consul.
236 2844 406 2882 Honorii
421 2857 432 2881 ε

163 2919 240 2930 ·-
268 2911 421 2940 ventura
428 2899 579 2955 potestas

1570 408 1736 463 Lam-

919 510 1110 565 gnitatem
1135 510 1296 551 indicari
1315 539 1329 560 ,
1350 521 1416 552 aut
1428 521 1529 552 certe
1541 514 1729 554 excellens

921 568 1101 622 quiddam
1129 570 1168 609 &
1202 570 1426 609 maximum.
1474 571 1565 609 Non
1589 569 1686 610 abiit
1710 569 1735 612 ἦ

921 625 1099 679 prodigio
1125 625 1274 678 Virgilii
1299 624 1421 665 limile
1449 627 1575 679 Eurip.
1593 628 1633 666 in
1651 632 1741 667 ΜΕ·-

920 682 1014 727 dea,
1044 695 1125 721 non
1148 682 1194 733 in
1223 695 1262 721 re
1295 681 1426 730 felici,
1451 682 1514 723 sed
1527 681 1734 725 cuihaefissb

920 739 961 778 in
975 736 1041 777 suo
1052 739 1180 791 potuit
1193 739 1351 778 Latinus
1363 745 1503 780 Vates:

977 794 1120 849 Χρυσές
1134 792 1295 845 (feifa-pi
1307 795 1413 848 tegili
1425 795 1616 848 κείμῦζυῶ·
1629 798 1734 838 πλὸ·

1144 857 1227 897 a&
1756 902 1770 915 >

979 907 1195 959 Θοωμειςόν
1209 908 1244 956 2¹4
1259 908 1365 961 νᾶμα
1380 913 1582 964 παμφάγε
1597 910 1731 963 magle.

919 965 1050 1004 Cerda.

974 1021 1070 1074 683.
1102 1020 1260 1061 Fundere
1280 1024 1398 1060 lumen
1420 1023 1545 1076 apex-J
1570 1024 1730 1077 Proprie

917 1075 1056 1118 dicitur
1084 1078 1125 1116 in
1149 1074 1300 1117 summo
1326 1079 1494 1118 flaminis
1508 1081 1610 1133 pileo
1624 1083 1730 1136 virga

914 1135 1041 1173 lanata
1063 1152 1073 1181 ;
1108 1134 1181 1173 hoc
1204 1135 1272 1181 est,
1292 1135 1333 1174 in
1357 1136 1462 1183 cujus
1486 1139 1730 1179 extremitate

916 1191 1068 1230 modica
1084 1192 1171 1230 lana
1184 1192 1238 1231 est
1252 1207 1261 1230 :
1277 1192 1381 1245 quod
1396 1193 1563 1244 primum
1577 1194 1730 1237 constat

916 1248 1014 1300 apud
1031 1248 1175 1287 Albam
1193 1247 1400 1288 Ascanium
1424 1247 1600 1290 statuisse.
1634 1256 1729 1292 Μο-

916 1305 967 1343 do
991 1317 1121 1345 autem
1148 1303 1410 1345 summitatem
1436 1307 1730 1362 pileiintelligi-

917 1374 1013 1401 mus.
1044 1364 1189 1416 Tangit
1224 1376 1416 1417 namque,
1442 1375 1482 1402 ut
1502 1363 1730 1419 frequenter

916 1418 1080 1459 diximus
1094 1449 1106 1465 ,
1131 1423 1295 1459 latenter
1311 1420 1521 1460 historiam.
1538 1425 1639 1462 Item
1653 1424 1730 1465 hoc

914 1488 1065 1530 quoque
1084 1478 1193 1529 igni,
1224 1477 1271 1516 ad
1288 1478 1458 1516 Servium
1469 1480 1628 1519 Tullum
1642 1493 1729 1532 per·

915 1534 1030 1572 tinet.
1061 1537 1161 1574 Nam
1187 1547 1303 1587 quum
1330 1535 1560 1589 Tarquinius
1574 1535 1730 1590 cepisset

916 1591 1164 1632 Oriculanam
1180 1592 1394 1631 civitatem:
1422 1605 1466 1631 ex
1476 1594 1620 1644 captiva
1634 1608 1731 1648 qua-

915 1645 1007 1686 dam
1031 1648 1073 1686 in
1099 1643 1220 1687 domo
1244 1652 1325 1697 ejus
1354 1659 1465 1688 natus
1486 1650 1538 1689 est
1576 1653 1728 1693 Servius

916 1704 1049 1744 Tullus
1063 1704 1275 1753 Hostilius;
1306 1707 1369 1758 qui
1393 1718 1480 1744 cum
1505 1704 1730 1749 obdormis-

914 1757 967 1800 set
981 1789 992 1807 ‚
1006 1774 1115 1815 eaput
1130 1764 1210 1812 ejus
1221 1759 1348 1802 subito
1361 1762 1516 1802 flamma
1528 1767 1730 1819 corripuit.

921 1818 1051 1870 Qam
1064 1832 1152 1859 cum
1167 1820 1310 1858 vellent
1323 1820 1552 1872 restinguere
1572 1840 1581 1868 ς
1597 1827 1730 1864 Tana-

911 1877 1112 1929 quil,regis
1125 1878 1405 1930 uxor‚augurio.
1417 1891 1481 1916 um
1495 1880 1614 1930 perita
1628 1909 1638 1926 ,
1666 1882 1728 1921 in·-

910 1934 1090 1985 telligem.
1104 1934 1304 1986 augurium
1318 1963 1330 1979 ,
1354 1934 1564 1988 prohibuit.
1597 1939 1730 1978 Flam-

916 2003 978 2028 ma
991 2003 1148 2043 puerum
1160 2003 1245 2031 cum
1269 1988 1410 2030 somno
1435 1989 1610 2032 deseruit.
1641 1998 1728 2034 Un-

914 2046 962 2086 de
973 2047 1168 2087 intellexit
1180 2062 1269 2087 eum
1282 2050 1425 2088 clarum
1438 2048 1521 2087 fo:e
1534 2048 1649 2105 usque
1675 2053 1723 2092 ad

916 2105 1092 2144 ultimam
1108 2107 1239 2144 vitam.
1274 2110 1371 2144 Sane
1388 2107 1507 2159 perite
1520 2107 1645 2147 lucem
1665 2109 1727 2149 di·

914 2162 967 2201 xit
984 2190 996 2208 ,
1031 2175 1112 2201 non
1136 2175 1177 2202 ut
1200 2164 1242 2201 in
1256 2160 1423 2215 septimo
1438 2193 1451 2211 ,
1484 2167 1722 2215 Tum-fumida

914 2222 1163 2270 luminefulvo.
1192 2221 1293 2260 Nam
1308 2222 1345 2259 ὅ(
1360 2221 1439 2259 illic
1451 2217 1630 2273 splendor
1643 2225 1730 2278 qui·

917 2274 1005 2314 dem
1029 2276 1081 2315 est
1099 2289 1114 2319 ε,
1138 2273 1201 2315 sed
1227 2289 1312 2316 cum
1335 2274 1475 2324 sume,
1500 2279 1565 2331 qui
1580 2277 1729 2332 semper

911 2329 1028 2371 caussa
1062 2334 1306 2372 lacrimarum
1345 2333 1410 2373 est.
1471 2338 1517 2373 In
1563 2335 1730 2379 Ascanio

916 2400 1046 2428 autem
1059 2387 1161 2428 solus
1174 2388 1387 2430 ostenditur
1398 2387 1585 2443 splendor.
1595 2398 1733 2434 sueto-

919 2446 1004 2484 nius
1015 2446 1085 2484 tria
1101 2459 1240 2499 genera
1254 2447 1445 2498 pileorum
1459 2448 1575 2497 dixit,
1588 2451 1730 2504 quibus

915 2499 1125 2542 sacerdotes
1149 2514 1305 2543 utuntur
1320 2531 1332 2550 ,
1374 2507 1531 2558 apicem,
1556 2511 1731 2558 cuculum,

909 2564 1078 2614 galerum.
1113 2560 1184 2600 Sed
1199 2563 1327 2616 apicem
1341 2562 1483 2612 pileum
1497 2559 1619 2610 sutile,
1634 2566 1732 2606 circa

919 2617 1093 2656 medium
1107 2617 1210 2670 virga
1236 2619 1460 2657 eminente:
1490 2625 1644 2661 tutulum
1668 2624 1731 2678 pi-

919 2673 1021 2712 leum
1048 2675 1221 2714 lanatum
1250 2686 1360 2713 metae
1383 2673 1540 2728 figurae:
1568 2684 1732 2733 galerum

919 2731 1064 2783 pileum
1078 2744 1121 2771 ex
1134 2732 1233 2784 pelle
1247 2730 1373 2770 hostiae
1387 2729 1494 2771 caesae.
1528 2740 1692 2776 Servius.

977 2788 1154 2843 TaHuque
1175 2792 1319 2828 innoxia
1344 2788 1440 2828 molli
1463 2793 1736 2846 Lamberefltma‘-

923 2860 979 2882 ma
1000 2847 1148 2897 comm]
1177 2849 1222 2884 In
1238 2846 1408 2899 antiquis
1423 2848 1573 2902 aliquot
1587 2850 1736 2891 codici-

924 2900 993 2940 bus
1008 2929 1022 2949 ,
1037 2901 1149 2942 mollis
1163 2903 1314 2954 legitur.
1346 2907 1401 2942 Ut
1415 2906 1474 2943 vel
1487 2905 1599 2946 mollis
1620 2923 1736 2948 comae

118 2958 259 2996 Claruit
285 2959 448 3007 Ascanio
462 2986 474 3004 ,
486 2958 608 3011 fhbita
632 2973 707 2999 cum
720 2960 792 2999 luce
818 2974 872 2999 co-
922 2958 1024 2998 dicas
1038 2986 1053 3006 ‚
1069 2961 1128 2998 vel
1141 2959 1255 2999 mollis
1257 2960 1410 3012 flamma
1423 2989 1434 3006 ,
1447 2963 1738 3005 tastuinnoxia.

227 3030 364 3053 marum

116 3073 136 3107 1
139 3085 288 3109 nnocuus
301 3070 469 3124 flagraret
481 3084 586 3124 apex.

930 3015 1000 3055 Sed
1026 3016 1134 3055 enim
1162 3021 1338 3056 Donatus
1366 3017 1408 3056 in
1433 3019 1644 3072 Pamphmfi
1674 3019 1738 3062 sua

928 3074 1090 3124 pueriles
1104 3074 1157 3112 ait
1168 3086 1299 3113 comas
1315 3103 1327 3121 ,
1358 3075 1592 3131 perindeque
1608 3082 1740 3118 mollis

61 3125 109 3164 Iu
136 3124 193 3165 his
223 3127 408 3167 omnibus
424 3126 527 3168 vides
542 3155 553 3174 ,
578 3139 642 3169 aut
655 3128 801 3181 regiam
814 3126 877 3170 di·
930 3142 970 3169 ac
989 3141 1154 3170 teneras:
1187 3135 1291 3172 Cum
1309 3135 1468 3171 Donato
1480 3134 1534 3174 est
1546 3135 1665 3176 codex
1678 3149 1743 3174 ve-

1330 3187 1434 3241 Ff5
1686 3205 1749 3235 tus
