2037 3787
437 121 975 181 ³AEu131nos

1059 120 1221 180 LIB.
1263 119 1343 181 V.
1618 123 1720 200 813

93 235 162 311 85
180 230 392 304 Septem
407 219 590 304 ingens
608 243 764 303 gyros
780 261 797 289 ‚
831 219 1036 301 septena
1052 219 1318 278 volumina
1333 218 1486 277 traxit
1503 260 1520 287 ,

178 310 470 387 Amplexus
487 305 684 384 placide
701 307 956 363 tumulum
975 344 992 370 ‚
1028 301 1142 360 labs
1138 301 1292 382 usque
1310 324 1403 382 per
1420 325 1525 361 aras
1546 326 1561 364 ε

183 391 434 450 Caeruleae
453 388 531 444 cui
547 406 690 468 terga
708 406 845 446 notae
864 427 880 454 ‚
916 382 1200 446 maculosus
1219 392 1273 443 &
1291 406 1414 444 auro

173 479 451 552 Squamam
467 470 778 529 incendebat
796 469 964 529 fuloor
983 492 996 526 ι
1027 489 1119 525 ceu
1137 467 1356 526 nubibus
1375 489 1516 528 arcus

178 557 334 615 Mille
354 553 506 610 trahit
524 555 690 610 varios
705 553 858 612 adver

862 517 918 610 ῗο
931 549 1040 608 sole
1057 552 1280 608 colores,

91 661 171 719 90
191 636 475 715 Obstupuit
493 633 596 693 visu
613 638 811 696 AEneas,
852 637 942 692 ille
959 634 1165 710 agmine
1183 634 1350 711 longo

173 719 421 779 Tandem
438 719 570 776 inter
588 736 781 797 pateras
798 758 816 784 ‚
849 724 903 776 &
922 718 1055 773 levia
1070 717 1252 793 pocula
1268 713 1474 793 serpens
1490 754 1511 783 ,

173 803 492 883 Libavitque
507 800 661 880 dapes
682 838 699 866 ,
729 798 993 880 rursusque
1009 798 1247 855 innoxius
1263 797 1377 854 imo

1604 882 1734 942 Suc-

47 1009 152 1050 &um
164 989 232 1056 est,
246 1008 310 1049 ubi
324 1020 509 1062 tanquam
521 1005 569 1046 de
581 1005 855 1064 deoloquitur;
920 1002 991 1045 lib.
1010 1005 1049 1046 6-
1083 1008 1180 1046 Him-
1202 1006 1265 1047 ubi
1277 1009 1332 1058 sol
1353 1007 1465 1047 radiis
1489 1007 1730 1062 tempestatem

44 1068 280 1119 templorum
306 1067 417 1106 enim
442 1065 658 1106 &deorum
669 1067 782 1120 adyta
795 1067 854 1107 di·
914 1064 1010 1103 inter
1043 1076 1183 1117 opacam
1209 1064 1388 1119 Adverfiz
1406 1066 1509 1116 fulfit
1532 1068 1730 1106 nimborum

43 1124 179 1163 cimus.
209 1124 325 1163 Idem.

101 1182 260 1220 Lubricus
283 1179 445 1236 anguis]
484 1177 645 1219 LabiliS.
675 1178 769 1219 alias
792 1179 855 1219 lo—

44 1248 132 1276 cum
144 1237 261 1276 dicit:
291 1250 348 1283 ur,
363 1244 429 1277 Per
440 1237 573 1276 lubrica
577 1238 739 1289 fiargens.
774 1237 855 1277 Alii

46 1293 121 1332 hoc
159 1291 364 1333 secundum
392 1294 592 1335 Platonem
616 1292 764 1333 dietum
788 1306 856 1339 vo-

40 1350 140 1397 lunt,
155 1351 219 1406 qui
231 1351 283 1390 ait
295 1350 443 1390 animas
455 1362 520 1402 per
532 1347 678 1403 septem
688 1351 849 1391 circulos

42 1407 91 1448 ad
103 1420 261 1461 corpora
273 1418 487 1461 penetrare.
517 1406 630 1447 Idem.

106 1466 172 1512 85.
202 1474 341 1520 Septem
367 1467 490 1519 ingens
512 1463 652 1520 gyros-f]
682 1463 777 1503 Loci
787 1477 855 1518 ge-

45 1521 155 1562 nium
176 1534 243 1575 per
257 1521 570 1575 magnitudinem
582 1521 662 1560 vult
676 1520 850 1573 probare.

50 1579 188 1618 Nullus
210 1578 316 1618 enim
339 1575 415 1617 sine
425 1578 664 1631 geniolocus
674 1577 755 1618 est:
786 1578 852 1632 qui

42 1645 109 1686 per
120 1647 285 1688 anguem
298 1635 505 1689 plerunque
517 1632 742 1676 ostenditur.
768 1639 855 1675 Per-

39 1688 114 1730 fius
127 1720 138 1737 ,
165 1694 273 1747 Pinge
287 1692 374 1731 duos
385 1706 512 1747 angues
526 1707 538 1730 .-
567 1693 668 1747 pueri
684 1692 855 1747 (sbcerest

39 1749 151 1794 locus)
181 1761 287 1789 extra
309 1750 453 1801 Mejz‘te.
485 1752 581 1788 Sane
611 1747 853 1789 hunclocum

45 1803 93 1844 de
117 1811 289 1845 Homero
303 1801 484 1857 sumpfit,
511 1805 738 1859 quiinducit
751 1809 855 1846 Gtae·

41 1873 109 1902 eos
132 1862 231 1914 apud
258 1860 439 1902 Aulidem
453 1874 572 1901 omen
582 1860 700 1903 futuri
715 1862 854 1903 decen-

41 1918 140 1958 nalis
163 1918 256 1959 belli
280 1932 325 1959 ex
348 1915 522 1971 serpente
536 1917 757 1974 collegiffe:
788 1921 855 1975 qui

2 1992 5 2004 ι
38 1975 158 2016 etiam
172 1988 334 2016 matrem
346 1973 575 2029 consumpsit
587 1989 729 2017 novem
744 1977 858 2029 pullis

3 2053 5 2064 ·
41 2031 212 2073 comesis.
245 2039 303 2074 Ita
318 2044 412 2085 ergo
421 2046 524 2073 nunc
538 2033 655 2072 etiarn
669 2039 798 2076 AEneae
810 2049 855 2075 o-

40 2101 134 2130 men
158 2087 212 2131 sui
236 2090 377 2130 erroris
400 2089 614 2130 ostenditur
628 2089 776 2143 septem
785 2105 854 2147 gy-

3 2175 5 2179 -
39 2146 106 2187 ris.
136 2144 680 2201 Namseptimuseiannusest
692 2146 851 2189 finiscr·

3 2227 5 2231 ι
38 2204 137 2244 roris
150 2217 160 2243 :
175 2206 215 2244 &
228 2202 280 2244 est
294 2204 489 2258 optimum
502 2202 749 2257 figmentum.
766 2209 852 2245 An-

3 2281 5 2290 =
39 2272 112 2301 nus
138 2262 247 2302 enim
271 2258 476 2301 secundum
491 2261 852 2314 AEgyptiosindica-

1 2330 5 2349 ³
38 2315 149 2360 batur
161 2329 251 2359 ante
263 2319 441 2359 inventas
451 2318 584 2357 literas
594 2319 700 2370 pisto
714 2318 851 2358 draco-

47 2387 117 2424 ne,
129 2376 286 2416 caudam
297 2373 404 2417 suam
416 2373 646 2416 mordente:
662 2375 749 2432 quia
759 2376 803 2416 in
816 2373 852 2417 se

2 2449 5 2462 ¹
38 2434 211 2477 recurrit.
244 2433 359 2474 Idem.

95 2491 239 2543 Gyras]
279 2493 437 2532 Nomen
459 2489 627 2543 legimus
649 2501 661 2527 t
688 2487 851 2531 verbum

34 2546 172 2588 exinde
186 2560 267 2588 non
279 2548 516 2588 invenimus.
548 2547 660 2588 Idem.

94 2604 162 2646 86.
191 2608 396 2660 Amplexus
404 2604 542 2659 placide
554 2608 737 2644 tumulum.
746 2605 852 2657 ]l-10c

2 2678 4 2683 ⁷
36 2659 92 2702 est
116 2662 291 2702 molliter
305 2690 321 2711 ‚
341 2663 469 2717 quiete
481 2674 619 2714 repens
634 2689 649 2708 ‚
673 2674 744 2701 nec
756 2662 853 2704 dixit

33 2722 201 2773 com'puit
214 2716 275 2759 sed
287 2724 462 2775 amplexus
474 2717 539 2759 est.
576 2717 690 2760 Idem.

95 2776 161 2826 87.
193 2780 350 2818 Caeruleae
363 2780 419 2817 cui
429 2788 527 2831 terga
539 2787 624 2815 notae
638 2803 650 2821 ,
662 2779 850 2830 maculosus

39 2836 93 2878 (φ
114 2849 195 2872 auro
209 2860 223 2880 ‚
249 2835 363 2885 &c.]
395 2837 552 2886 Caeruleae
562 2844 648 2872 notae
660 2861 676 2881 ‚
701 2839 752 2878 (ξφ
765 2851 851 2874 auro

37 2894 224 2941 maculosos
238 2894 357 2948 fulgor
368 2918 381 2939 ‚
411 2890 483 2932 hoc
497 2890 550 2932 est
566 2919 578 2938 ‚
605 2903 676 2944 pro
690 2894 852 2945 aurifal-

28 2961 105 3004 ίιον.
142 2947 266 2987 Idem.

95 3006 157 3048 88.
190 3005 442 3058 Incendebat]
477 3004 522 3046 Id
535 3002 603 3051 est,
618 3003 844 3049 illustrabat.

33 3060 155 3104 Idem.

84 3121 214 3163 Arcus
226 3117 324 3163 πάθε
334 3119 482 3162 trahens
496 3147 514 3172 ,
544 3121 657 3176 <Vc-J
695 3123 852 3172 Lucret-

916 1121 1090 1176 aspergine
1101 1131 1221 1159 contra
1233 1148 1245 1167 ,
1272 1125 1361 1160 Tum
1373 1127 1455 1160 color
1466 1125 1502 1160 in
1516 1123 1625 1178 nigris
1639 1124 1723 1162 exi-

904 1176 972 1230 stit
986 1178 1132 1218 nubibus
1143 1180 1263 1231 arqui.
1298 1180 1530 1219 Germanus.

970 1247 1039 1289 90.
1070 1235 1337 1290 ,Agminelongo
1356 1235 1545 1287 tandem-J
1577 1231 1662 1276 1⁷0st
1676 1234 1729 1275 il-

913 1289 974 1330 los
997 1303 1111 1345 gyros
1135 1290 1296 1330 tandem
1322 1293 1444 1346 longo
1459 1304 1590 1345 tepere
1606 1292 1729 1345 coepit

915 1352 1092 1405 Agmine,
1106 1348 1147 1386 id
1159 1346 1226 1394 est,
1241 1348 1405 1401 impetu,
1419 1350 1556 1389 trae-u.
1572 1351 1728 1390 Servim.

969 1405 1167 1461 Agmina]
1200 1405 1309 1445 Dixit
1331 1421 1454 1461 agmen
1472 1434 1483 1452 ,
1514 1417 1591 1460 quo
1617 1416 1732 1446 natu·

911 1462 1041 1501 taliter
1055 1463 1268 1514 impellitur
1283 1460 1447 1515 serpens.
1482 1462 1729 1503 Pulchritudo

913 1518 954 1557 ὃ(
968 1519 1197 1559 innocentia
1209 1516 1393 1572 serpentis
1407 1548 1419 1567 ,
1445 1532 1527 1559 rem
1541 1518 1756 1560 caelestemff

912 1575 953 1614 ὅ(
967 1588 1051 1615 non
1067 1576 1226 1616 noxium
1240 1577 1402 1623 animal,
1416 1575 1613 1632 fignificat.
1632 1588 1730 1630 pro-

910 1641 994 1685 pter
1019 1632 1122 1688 quod
1147 1633 1269 1688 magis
1294 1632 1464 1675 honores
1489 1633 1729 1676 restauravit·

912 1695 1093 1730 Donatus.

968 1761 1034 1800 91.
1062 1748 1247 1803 Serpens]
1276 1746 1525 1802 Participium
1540 1746 1612 1797 est,
1642 1756 1730 1791 non

911 1814 1084 1844 nomen:
1118 1817 1159 1843 ac
1171 1803 1196 1844 fi
1209 1804 1355 1844 diceret
1367 1819 1504 1860 repens.
1537 1805 1698 1846 Servius.

967 1872 1034 1913 92.
1065 1863 1276 1915 libavitque
1300 1861 1448 1917 dape-L]
1476 1862 1632 1902 Leviter
1658 1875 1732 1915 gu·

911 1913 1023 1958 stavit
1044 1920 1174 1971 epulas
1197 1916 1443 1973 superpositas
1458 1947 1470 1966 ,
1494 1932 1574 1975 quae
1591 1920 1734 1972 silicer-

912 1976 1010 2015 nium
1025 1987 1208 2016 vocantur
1222 2004 1238 2025 ,
1260 1975 1563 2031 quafifilicem'um
1577 2004 1591 2024 ,
1617 1973 1728 2031 supet

910 2028 1056 2073 filicem
1067 2031 1246 2086 pofitum.
1277 2034 1394 2074 Idem.

970 2091 1177 2144 libavitque
1200 2090 1347 2145 dapem]
1380 2093 1503 2131 Notat
1523 2087 1734 2132 Turnebus

910 2144 954 2184 in
977 2159 1067 2186 eum
1091 2147 1244 2187 Horatii
1255 2149 1386 2188 locum
1399 2175 1412 2196 ,
1448 2151 1641 2203 vernasque
1650 2162 1733 2204 pro-

906 2217 1004 2242 cates
1016 2207 1123 2255 Pasco
1134 2206 1256 2246 libatis
1269 2204 1422 2260 dapibus
1435 2233 1451 2254 ‚
1480 2205 1552 2244 hoc
1566 2204 1613 2244 ad
1626 2205 1733 2244 anti-

909 2270 1072 2312 quorum
1087 2260 1271 2314 pietatem
1285 2260 1543 2301 referendum:
1559 2262 1623 2317 qui
1637 2274 1728 2315 par-

909 2326 990 2354 tem
1000 2330 1122 2357 coenae
1138 2318 1222 2357 Lari
1239 2346 1252 2364 ‚
1267 2316 1428 2373 Diisque
1441 2317 1642 2359 donabant
1655 2346 1667 2365 ‚
1684 2319 1728 2359 ὃς

909 2371 952 2412 in
965 2371 1097 2414 focum
1112 2373 1322 2415 mittebant
1337 2374 1423 2415 Lari
1434 2373 1580 2415 sacrum
1599 2374 1730 2430 :quod

909 2429 1020 2484 dapes
1052 2432 1165 2472 libare
1189 2429 1299 2472 fuiffe
1324 2429 1466 2471 asserit.
1504 2432 1583 2473 Cui
1606 2433 1730 2472 etiam

906 2482 1104 2527 sententiae
1116 2488 1264 2529 videtur
1275 2488 1492 2542 adstipulari
1505 2491 1611 2530 locus
1623 2490 1738 2542 Virg-

907 2542 977 2584 lib.
989 2557 1006 2597 3
1017 2575 1025 2584 .
1041 2549 1203 2586 solennes
1215 2558 1291 2586 tum
1295 2550 1390 2598 forte
1402 2545 1509 2602 dapes
1523 2574 1535 2592 ,
1551 2547 1734 2599 &tristia

907 2601 1000 2641 dona
1026 2604 1169 2643 libabat
1191 2605 1301 2644 cineri
1326 2602 1596 2645 Andromache.
1630 2605 1730 2643 Huic

910 2660 1163 2714 quoqueloco
1177 2673 1259 2701 non
1274 2661 1445 2706 omnino
1457 2671 1643 2714 repugnat
1657 2659 1733 2700 haee

908 2717 1182 2770 interpretatio
1198 2746 1210 2765 ‚
1222 2717 1325 2773 quod
1340 2717 1635 2771 quodammodo
1648 2715 1729 2757 ser-

908 2787 1005 2827 pens
1029 2775 1170 2828 genius
1180 2772 1392 2815 famulasve
1405 2771 1579 2822 Anchisa
1595 2773 1731 2816 libarit

908 2831 1022 2882 dapes
1038 2860 1049 2878 ,
1076 2845 1117 2870 ac
1132 2833 1248 2872 veluti
1268 2832 1354 2871 Diis
1368 2830 1548 2871 manibus
1561 2829 1733 2872 sacrarit:

910 2887 982 2928 nifi
1006 2890 1119 2929 malis
1130 2889 1352 2942 {impliciter
1365 2889 1535 2942 accipere
1551 2917 1562 2935 ,
1582 2901 1653 2941 pro
1668 2902 1733 2937 eo,

912 2946 1017 3000 quod
1030 2945 1098 2993 est,
1128 2947 1264 2987 leviter
1290 2945 1503 3000 degustavit
1516 2973 1528 2992 ,
1554 2956 1597 2985 ut
1611 2943 1738 3000 supra:

910 3007 1031 3058 Osbula
1052 3006 1182 3045 libavit
1212 3016 1303 3045 natae
1324 3021 1335 3042 .·
1361 3014 1403 3043 ut
1428 3000 1654 3057 respondeat
1681 3001 1738 3042 se-

911 3062 1046 3117 quenti
1061 3059 1179 3102 versui
1201 3089 1212 3107 ,
1226 3059 1383 3117 Depasta
1396 3063 1527 3101 altaria
1542 3062 1672 3116 liquit:
1693 3062 1736 3100 ὅ(

912 3118 1074 3164 versibus
1086 3118 1150 3162 hiz
1171 3118 1242 3162 lib.
1264 3132 1299 3161 1.
1328 3120 1490 3165 Laticnm
1518 3118 1645 3162 libavi:
1671 3118 1740 3155 l».

1601 3188 1738 3218 norem:
