2037 3787
579 142 1048 201 AENEIDos

1133 139 1183 196 L
1217 157 1240 196 1
1273 137 1324 200 B.
1380 141 1430 201 1.
1730 155 1800 216 23

232 247 376 306 Hinc
393 244 645 323 populum
664 243 765 299 late
781 259 962 319 regem
981 278 998 304 ,
1017 235 1268 319 belloque
1286 238 1560 318 superbum
1578 279 1597 307 ‚

239 336 541 392 Venturum
557 325 763 384 excidio
779 323 961 402 Libyae
983 346 996 380 :
1034 320 1101 378 fic
1120 324 1335 382 volvere
1352 331 1553 384 Parcas,

1739 412 1805 471 Id

104 549 208 598 arbos
218 577 231 598 ‚
257 566 348 591 nunc
357 549 510 601 artiflch
521 563 642 590 manus
655 562 718 590 aere
730 547 849 590 decoro
862 552 928 588 In-
984 547 1035 588 rit
1049 546 1216 603 integer.
1244 549 1317 591 sed
1329 552 1516 606 virgilius
1529 564 1636 594 amat
1648 553 1752 594 aliud
1766 566 1810 594 a·

117 607 230 659 clusit.
262 606 425 648 Praesens
442 635 455 654 ,
485 618 528 648 ut
545 635 561 656 ,
577 607 740 647 Tumiclis
755 607 848 662 quod
851 607 928 659 flu·
988 618 1084 659 gens
1096 608 1200 647 exire
1212 607 1254 648 in
1266 608 1398 651 laudes
1410 613 1506 665 Pop.
1523 612 1708 651 Romani.
1727 620 1810 651 Ser-

112 664 219 705 thus
231 669 309 706 olim
323 665 516 706 Tunditur.
533 669 736 710 Futurum,
753 675 809 710 ut,
827 670 931 704 Nunc

112 723 188 769 alim
207 735 408 779 quocunque
425 722 560 764 dabunt
576 724 620 776 se
643 733 793 778 tempore
817 723 928 761 vires.

112 777 235 819 Idem.
850 829 853 831 ,

150 838 293 889 ,Ἰζγνὶιω
307 838 386 876 olim
399 851 476 892 quae
499 847 658 877 verteret
680 836 824 887 arces.]
847 837 930 873 An-

122 892 219 947 tiqui
228 894 381 948 aliquot
392 893 547 933 codices
559 921 571 940 ‚
600 904 771 933 everteret
785 893 934 945 legunt:

115 950 216 1003 quod
243 951 429 1002 nonnulli
448 951 561 1000 aiunt
587 951 778 1000 majorem
803 961 874 1002 prae
899 946 936 988 se

113 1006 213 1048 ferre
226 1020 426 1048 conatum.
460 1007 533 1048 Sed
550 1008 659 1048 enim
672 1007 736 1045 Ti.
752 1011 936 1046 Donatus

110 1077 254 1106 vertere
283 1078 371 1106 eam
396 1063 539 1105 habere
552 1064 774 1104 intellestus
786 1061 930 1117 expres-

109 1119 191 1162 sam
204 1122 400 1162 rationem
413 1122 507 1162 dicit
528 1149 540 1166 ,
564 1132 606 1161 ut
623 1120 724 1160 nihil
735 1120 819 1173 post
834 1121 934 1160 exci-

111 1178 221 1220 dium
234 1178 386 1234 superfit
401 1193 411 1218 :
426 1178 588 1233 huicque
599 1178 700 1218 illud
711 1177 834 1218 simile
848 1175 934 1218 sub-

112 1238 243 1290 iungit
265 1265 280 1285 ‚
308 1245 402 1293 Qae
432 1248 468 1276 te
471 1240 614 1292 genitor
615 1238 798 1289 ftntemia
813 1238 936 1276 vertit.

119 1292 195 1333 hoc
217 1293 285 1339 est,
309 1292 356 1333 fic
368 1294 561 1342 mutavit,
590 1304 633 1334 ut
666 1292 764 1332 nihil
787 1294 940 1347 pietatis

119 1350 346 1390 remanserit
358 1351 401 1390 in
412 1347 577 1390 sensibus
591 1351 716 1408 Jovis.
743 1351 942 1406 Additque

115 1409 237 1448 etiam
249 1408 347 1449 illud
359 1421 402 1448 ex
412 1409 592 1448 alioloco
605 1435 620 1456 ,
651 1416 739 1449 Tum
778 1425 936 1449 veroum.

119 1468 183 1506 mi.
200 1468 253 1506 vi.
269 1482 340 1506 con.
354 1467 391 1505 in
404 1467 452 1521 ig.
467 1469 576 1506 Ilium
592 1494 604 1512 ,
630 1472 683 1510 (φ’
714 1481 759 1505 ex
773 1467 838 1506 imo
852 1483 937 1507 ver-

120 1526 358 1578 ti‘Jertunia
382 1527 501 1576 Trojz.
534 1521 740 1575 Qioniam
756 1521 829 1576 (ait
845 1529 928 1563 Do-

87 1603 91 1607 -
123 1580 256 1633 natus)
285 1578 485 1620 constabat
510 1579 610 1620 nihil
624 1581 704 1628 eius
717 1579 933 1620 remanfisse

118 1636 204 1691 ‚post
230 1637 429 1676 flammas:
453 1636 619 1692 ideoque
633 1636 708 1676 haec
723 1638 942 1691 principalis

119 1693 242 1735 fuerat
263 1691 410 1735 cauffa:
440 1708 520 1750 quae
547 1696 666 1735 etiam
679 1693 704 1734 fi
718 1693 796 1734 sola
810 1695 943 1735 existe-

121 1761 182 1792 ret
195 1779 208 1798 ,
235 1749 313 1792 sola
328 1752 450 1805 posset
462 1750 638 1793 adversus
650 1754 846 1802 Troianos
858 1754 945 1793 ani·

119 1821 230 1849 mum
244 1811 414 1866 Junonis
425 1823 601 1864 urguere.
635 1812 736 1850 Pz‘er.
766 1855 772 1860 ,

132 1900 135 1902 ,
182 1869 400 1919 Venena]
431 1871 527 1909 Eam
552 1866 669 1906 habet
692 1866 942 1921 significatio-

125 1935 218 1966 nem
233 1952 246 1971 ,
273 1936 314 1965 ut
338 1925 436 1965 nihil
460 1923 542 1979 post
569 1924 765 1964 excidium
778 1922 945 1978 supersit.

129 1980 231 2021 unde
241 1980 339 2022 alibi
352 2009 369 2029 ,
386 1998 474 2038 ‘quae
487 1995 521 2022 te
526 1985 664 2037 genitor
667 1985 847 2035 fintentia
858 1999 946 2023 ver-

132 2040 177 2077 tit
199 2066 211 2085 ,
255 2038 295 2078 id
319 2038 373 2078 est
392 2068 403 2086 ,
442 2041 599 2093 penitus
624 2039 677 2078 ita
707 2040 946 2087 immutavit,

133 2105 174 2135 ut
197 2095 297 2136 nihil
322 2097 367 2136 in
391 2097 464 2136 illo
494 2097 649 2150 pietatis
671 2098 849 2137 relistum
888 2097 943 2139 fit.

129 2154 290 2199 Item,&
302 2154 410 2196 omnia
422 2158 489 2195 imo
501 2157 617 2195 vertit
630 2157 814 2210 Neptunia
828 2160 946 2211 Troja.

133 2212 330 2251 Donatus.

184 2267 384 2319 Venena]
398 2270 454 2308 Ut
465 2266 564 2321 apud
577 2271 713 2307 Horat.
728 2267 755 2307 l.
775 2280 814 2320 3.
832 2269 896 2309 od.
908 2283 942 2322 3.

137 2327 186 2367 (φ
211 2326 336 2364 mulier
358 2328 548 2380 peregrina
571 2328 688 2365 vertit
706 2329 744 2365 in
751 2329 944 2379 pulverem.

134 2380 176 2418 &
196 2380 262 2421 od.
281 2394 343 2431 25.
374 2380 535 2434 proceras
545 2383 709 2422 manibus
723 2394 864 2422 vertere
866 2388 948 2435 fra-

129 2439 242 2481 xinos.
257 2436 499 2491 frequentius
511 2451 670 2479 evertere
683 2438 955 2491 compofitum.

131 2493 234 2548 quod
247 2494 345 2548 apud
361 2494 557 2546 Phaedr.1.3
568 2499 621 2534 .F.
637 2511 648 2535 ι
663 2510 764 2536 imon
777 2500 960 2553 eve-suffit

123 2555 251 2603 scelere
264 2551 567 2605 funestodomum.
604 2552 736 2608 Qare
764 2565 845 2593 non
860 2556 957 2596 nulli

138 2608 285 2663 legunt,
300 2624 375 2663 quae
387 2621 566 2649 everteret
578 2626 688 2650 arces.
720 2610 958 2652 Emmeness'.

197 2679 260 2707 21.
296 2669 394 2707 Hinc
402 2673 566 2721 populum
579 2670 650 2706 late
666 2668 818 2722 regem]
851 2670 958 2709 Scili-

135 2734 196 2762 cet
222 2720 243 2763 Ξι
279 2724 484 2763 Romanis.
516 2724 662 2764 Laudat
674 2736 805 2764 autem
817 2738 953 2767 eorum

136 2779 533 2831 imperium‚dicendo
541 2785 700 2836 populum
713 2797 836 2837 regem.
854 2788 957 2825 Serv.

198 2844 282 2877 Late
303 2837 456 2893 regem]
488 2843 561 2879 Pro
586 2839 663 2880 late
689 2849 956 2892 regnaturum.

141 2895 298 2935 Nomen
314 2907 383 2947 pro
397 2894 614 2948 participio.
645 2896 801 2950 quidam
816 2896 877 2937 hic
890 2899 961 2939 de-

140 2952 345 2990 mocratias
358 2952 593 3006 intelligunt.
637 2957 686 2993 Et
702 2957 796 2993 Hinc
803 2960 963 3010 populum

143 3011 217 3047 late
230 3023 343 3063 regem
355 3009 503 3064 belloque
505 3008 692 3065 siperbum
705 3017 790 3055 (syc.
809 3015 857 3051 In
872 3016 963 3053 Pro·

140 3062 180 3103 bi
208 3064 389 3113 adjuncta
417 3064 528 3113 sunt‘,
562 3069 602 3108 &
630 3067 904 3110 adnotandum
921 3071 960 3112 hi

135 3121 213 3163 duo
225 3121 252 3163 si
266 3122 762 3172 eximantur,nihilominus
779 3121 909 3169 sensus
921 3142 964 3170 e-

981 678 1076 702 wus.
1133 691 1137 694 ·

1040 723 1289 776 Lateregem.]
1319 727 1512 764 Homerus
1529 723 1639 765 Iliad.
1673 741 1711 764 α.
1741 722 1804 775 ybs.

991 788 1080 816 102.
1114 783 1418 830 Agamemnona
1431 780 1809 836 vocat-apvupa'fflm,

988 831 1117 882 idest,
1139 837 1216 875 late
1232 849 1462 890 regnantem
1478 868 1492 888 ,
1520 841 1581 880 vel
1595 842 1724 893 potius
1736 844 1810 880 late

987 900 1209 943 tyrannum,
1238 905 1280 932 ut
1306 899 1443 937 Horat.
1470 898 1495 938 l.
1515 911 1552 953 3.
1581 898 1645 939 od.
1668 911 1730 948 17.
1765 898 1808 938 &

988 947 1151 989 nosterl.
1176 962 1213 1001 7.
1229 947 1388 1003 ybs1737.

1050 1029 1137 1042 --
1162 1011 1232 1048 late
1240 1012 1316 1062 jam
1329 1020 1406 1050 tum
1418 1008 1554 1051 ditione
1558 1012 1749 1068 premebat

1037 1064 1206 1118 Sarrastis
1227 1070 1376 1123 populos.

992 1119 1225 1161 Emmeneffi

1045 1181 1274 1233 Superbum]
1306 1179 1350 1220 Id
1363 1179 1630 1230 est,nobilem;
1644 1179 1700 1228 ut.
1716 1181 1817 1221 Ceci-

987 1233 1110 1290 ditque
1125 1239 1317 1293 fhperbum
1331 1241 1435 1279 Ilium
1450 1268 1463 1287 ‚
1489 1240 1696 1285 eminens,
1728 1240 1816 1293 glo-

990 1290 1148 1334 riosum.
1182 1299 1340 1336 Servius.

1435 1088 1540 1101 —

1046 1364 1093 1391 22
1102 1379 1111 1389 .
1126 1358 1327 1393 Venturum
1339 1351 1558 1405 excidio.]A
1567 1353 1590 1394 d
1603 1351 1814 1401 excidium,

990 1416 1031 1448 ut
1046 1408 1157 1450 Idem
1167 1422 1240 1450 v.t.
1258 1410 1320 1451 ad.
1337 1427 1368 1450 a.
1385 1428 1421 1451 n.
1455 1410 1581 1452 Idem.

1050 1472 1249 1509 Venturum
1264 1468 1523 1520 excidio.]Nec
1537 1467 1612 1508 haec
1625 1469 1737 1521 plane
1749 1464 1819 1507 ab-

989 1522 1157 1572 jicienda
1171 1525 1390 1578 explanatio
1402 1524 1571 1574 videtur,
1601 1526 1742 1565 excidio
1754 1523 1818 1563 di·-

991 1579 1117 1632 ci‚pr0
1129 1574 1182 1621 ob
1195 1583 1387 1623 excidium.
1421 1582 1662 1637 Carthagine
1676 1595 1819 1635 nempe

994 1636 1139 1686 deleta,
1174 1641 1251 1680 late
1276 1640 1591 1695 imperitaturum
1629 1641 1819 1693 populum

999 1700 1239 1737 Romanum.
1274 1699 1462 1738 nativum
1487 1699 1585 1750 poni
1608 1698 1729 1737 ctiam
1744 1709 1819 1749 pro

994 1750 1213 1794 accusativo
1226 1767 1314 1795 cum
1328 1754 1595 1809 praepositione
1607 1754 1723 1796 docet
1736 1760 1823 1795 Ser-

997 1811 1079 1851 vius
1090 1812 1115 1851 1.
1140 1825 1173 1851 1.
1191 1816 1332 1866 Georg.
1347 1812 1413 1861 ybs.
1425 1825 1490 1866 173
1502 1836 1516 1852 .·

1056 1873 1084 1908 C
1087 1868 1219 1909 aeclitur
1234 1875 1287 1914 φ’
1298 1873 1379 1910 tilia
1392 1882 1474 1910 ante
1489 1899 1501 1918 ‚
1523 1873 1605 1926 jugo
1616 1867 1721 1910 levis.

998 1924 1041 1965 1d
1055 1924 1126 1973 est,
1138 1926 1185 1967 ad
1197 1928 1343 1981 jugum.
1375 1926 1422 1967 fic
1445 1927 1614 1984 hoflistat
1644 1930 1673 1968 1.
1696 1941 1733 1979 3.
1766 1930 1818 1967 G.

1000 1980 1065 2032 ybs.
1076 1995 1166 2035 347·
1184 1985 1224 2024 ἃ
1237 1984 1345 2025 alibi.
1376 1988 1407 2024 it
1419 1990 1546 2026 clamor
1558 1988 1652 2026 coelo.
1688 1989 1820 2025 Emm.

1054 2042 1206 2094 Libyca]
1236 2042 1498 2097 Carthaginis.
1518 2046 1568 2083 Et
1581 2043 1825 2097 provinciam

994 2110 1066 2150 pro
1087 2098 1245 2139 civitate
1256 2098 1394 2152 posuit.
1416 2101 1529 2141 Dista
1541 2114 1670 2141 autem
1685 2099 1806 2154 Libya
1818 2127 1831 2146 ,

1001 2156 1107 2210 quod
1119 2156 1213 2196 inde
1228 2157 1321 2197 Libs
1333 2157 1412 2205 flat,
1430 2158 1502 2198 hoc
1516 2158 1570 2198 est
1584 2157 1827 2206 Africus,aut

1003 2224 1042 2252 ut
1056 2219 1177 2254 Varro
1191 2215 1263 2265 ait,
1279 2214 1378 2270 quasi
1393 2216 1530 2255 λιπυίοι
1544 2229 1663 2269 egens
1677 2216 1826 2268 pluviae.

1003 2271 1062 2310 Sic
1077 2270 1367 2320 SalustiuS,Coelo
1378 2285 1545 2329 terraque
1551 2277 1701 2330 penuria
1715 2289 1830 2329 aqua-

1005 2345 1093 2368 rum.
1130 2330 1293 2368 Servius.

1065 2389 1213 2426 Volvere
1240 2386 1410 2438 Parcas]
1443 2391 1475 2425 A
1492 2386 1560 2425 filo
1573 2387 1686 2426 traxit
1700 2386 1832 2427 volve-

1010 2454 1064 2487 re,
1080 2453 1145 2481 aut
1158 2439 1179 2481 a
1192 2442 1296 2482 libro
1310 2471 1325 2491 ‚
1339 2451 1414 2482 una
1428 2445 1537 2482 enim
1550 2444 1721 2498 loquitur
1733 2471 1749 2494 ,
1769 2445 1832 2483 al-

1008 2508 1086 2536 tera
1112 2497 1245 2539 scribit
1259 2528 1271 2546 ‚
1298 2499 1412 2539 tertia
1423 2499 1486 2539 fila
1500 2500 1663 2542 deducit.
1697 2506 1745 2541 Et
1771 2502 1834 2542 di-

1012 2555 1078 2594 stae
1092 2553 1178 2595 sunt
1194 2555 1306 2603 κριταὶ
1318 2555 1569 2608 α’ντίφρρισ-ινε
1593 2559 1696 2615 quod
1711 2560 1834 2599 rnin't-⁷

1012 2625 1074 2651 me
1089 2625 1245 2665 parcant
1259 2642 1272 2661 ,
1288 2613 1378 2655 ficut
1392 2616 1496 2654 lucus
1509 2613 1532 2655 a
1548 2630 1630 2656 non
1646 2618 1832 2665 lucendo,

1012 2668 1160 2710 bellum
1186 2668 1208 2711 ὲ
1237 2673 1342 2711 nulla
1357 2686 1397 2712 re
1412 2671 1522 2711 bella.
1556 2675 1731 2714 Nomina
1746 2678 1834 2714 Par-

1012 2740 1141 2767 carum
1166 2757 1178 2776 ,
1211 2728 1363 2770 Clotho
1377 2759 1389 2777 ‚
1418 2729 1610 2779 Lachesis,
1643 2736 1833 2786 Atropos,

1017 2785 1133 2825 Idem.

1071 2844 1263 2895 Volva-en]
1295 2845 1452 2896 Proprie
1465 2875 1478 2893 ,
1512 2858 1602 2885 nam
1618 2848 1736 2886 Parcoe
1751 2848 1836 2886 vol-

1015 2911 1110 2948 vunt
1125 2929 1138 2947 ,
1165 2901 1206 2939 ὅ(
1234 2914 1329 2940 nent
1353 2937 1355 2939 .
1369 2901 1442 2942 fila.
1479 2905 1600 2943 Graeci
1629 2904 1740 2944 vis‘jffl
1752 2933 1764 2951 ‚
1801 2902 1834 2956 ,ᾖ

1015 2956 1175 3005 κλώθᾴν.
1196 2957 1459 3006 Philostratus,
1490 2961 1839 3014 nemoeopsspazsaea

1017 3014 1196 3068 destinata
1211 3044 1223 3061 ‚
1250 3016 1297 3055 ad
1329 3015 1487 3057 verbum
1505 3046 1516 3064 ,
1543 3023 1668 3058 voluta
1683 3023 1839 3074 ‚glome-

1018 3085 1102 3111 rata
1118 3100 1131 3120 ‚
1156 3084 1253 3112 neta.
1286 3074 1516 3114 Pariindole
1531 3078 1655 3117 Poeta?
1667 3077 1748 3117 alii.
1780 3080 1837 3116 O-

1017 3128 1142 3171 vidius
1158 3130 1202 3169 in
1216 3130 1322 3183 epist.
1356 3132 1550 3185 Sapphus:

1373 3193 1401 3228 Β
1430 3204 1455 3241 4
1788 3196 1828 3230 f:
