2037 3787
359 118 885 190 ,AENEIDOS
971 116 1291 179 L1130V.'
1418 185 1421 189 st
1545 109 1655 204 2‘3’95

98 223 157 280 O
178 219 335 299 patria
353 259 369 286 ‚
390 227 444 279 ὃ(
463 222 591 299 rapti
608 216 953 299 nequicquam
970 239 1034 276 ex
1052 218 1201 279 hoste
1218 228 1440 280 Penates
1455 249 1475 299 3

98 305 332 360 Nullane
348 306 453 380 jam
475 305 661 381 Trojae
680 304 919 360 dicentur
936 324 988 358 m
998 305 1174 360 oenia?
1206 302 1457 383 nusquam

99 389 402 443 Hectoreos
420 386 585 442 amnis
604 384 872 443 Xanthum
893 393 944 442 &
966 388 1233 445 Simoenta
1251 386 1478 448 videbo?

8 477 84 548 535
109 470 253 545 Qin
271 470 403 548 agite
422 509 438 534 ,
458 475 510 526 δε
531 490 741 526 mecum
758 465 994 525 infaustas
1013 471 1210 525 exurite
1226 490 1446 549 puppeS.

102 553 249 609 Nam
269 551 395 608 mihi
414 550 705 610 Caffandrae
723 573 814 630 per
830 549 1070 608 somnum
1089 552 1217 609 vatis
1230 553 1409 633 imago

106 633 357 695 Ardentis
374 634 494 703 dare
513 633 614 693 visa
628 633 762 692 faces
782 659 794 691 :
840 636 946 689 Hic
965 636 1179 712 quaerite
1196 637 1446 712 Trojam‚

98 718 205 775 Hic
223 716 411 775 domus
429 716 503 776 est
520 758 538 785 ‚
554 719 724 799 inquit
741 759 757 786 ‚
775 715 924 776 vobis
943 740 957 774 ε
1000 719 1106 794 jam
1124 735 1329 798 tempus
1346 721 1427 802 agi
1444 740 1525 777 res
1545 744 1562 778 ε
1640 756 1644 761 ⁴

1535 806 1663 862 Nec

15 874 100 936 sque
125 882 210 922 aliis
232 882 434 925 codicibus
457 911 469 931 ,
499 884 591 939 quid
630 882 785 937 legitur.
903 882 999 934 638·
1033 883 1132 938 Jam
1153 895 1289 939 tempus
1311 887 1372 942 aga*
1391 886 1489 939 res.]
1520 888 1566 928 1d
1590 888 1663 935 est,

15 939 76 979 nod
102 941 225 994 magis
249 944 421 992 amplum
434 941 500 981 est:
514 952 556 981 ut
568 953 650 979 non
664 938 790 993 perso·
845 940 1007 987 Troiam
1025 941 1123 980 fieri.
1154 942 1273 981 Idem.

11 1006 235 1037 itmtantum
250 997 540 1050 prohibentem,
555 995 787 1037 sed&caus-
903 998 1002 1050 Jam
1026 1011 1163 1052 tempus
1189 1002 1250 1054 tegi
1270 1003 1362 1055 rim]
1398 1003 1447 1039 In
1479 1004 1667 1042 Romano

13 1065 56 1092 m
81 1055 370 1107 comple-statur.
427 1058 524 1111 Qis
549 1066 681 1095 tamen
706 1066 788 1094 non
844 1053 998 1102 codice,
1012 1055 1051 1094 in
1066 1055 1262 1105 Mediceo,
1282 1068 1396 1111 atque
1408 1057 1451 1096 in
1465 1060 1674 1099 nonnullis
1688 1104 1701 1106 ἡ

15 1117 17 1122 ⁴
31 1110 85 1150 lli.
116 1113 272 1151 Pierius.
436 1111 438 1114 ’
844 1110 932 1149 aliis
947 1111 1116 1157 vetustis,
1126 1112 1252 1166 legere
1264 1113 1317 1153 est
1325 1106 1346 1162 ¹,
1355 1118 1431 1166 jam
1441 1108 1580 1169 tempus
1590 1118 1673 1171 agie

14 1174 157 1208 .Muros
161 1167 394 1222 jacere.]1’to
400 1168 644 1220 fundamenta
651 1171 787 1221 jacere,
838 1183 915 1208 res.
954 1179 997 1208 ut
1020 1168 1122 1223 apud
1138 1171 1339 1223 papinium
1355 1169 1516 1210 habetur
1526 1172 1667 1214 eadem

31 1229 175 1265 mmuri
186 1225 266 1265 duci
277 1225 472 1265 dicuntur.
498 1233 599 1265 Serv.
708 1262 711 1264 .
845 1226 1028 1265 elocutio.
1086 1225 1194 1279 Qin
1216 1228 1337 1267 etiam
1361 1229 1461 1279 apud
1483 1230 1670 1268 Claudia-

23 1278 84 1334 ἱ’63
96 1295 133 1323 2.
164 1283 450 1338 Nequicquam.]
491 1281 571 1335 Qui
597 1294 679 1321 non
701 1292 788 1333 pro·
847 1294 941 1321 nutn
959 1286 1046 1324 Rem
1053 1287 1197 1339 peragit
1209 1297 1364 1339 tempus.
1386 1287 1433 1324 In
1449 1286 1670 1338 pervetusto

28 1350 114 1378 tant
128 1366 141 1385 ,
166 1352 255 1380 cum
281 1337 402 1380 essent
424 1338 597 1380 fatorum
611 1339 791 1379 comites.
845 1338 1014 1394 quodam
1028 1339 1159 1380 codice
1172 1354 1240 1396 pro
1245 1347 1340 1398 jam,
1354 1358 1447 1382 nunc
1456 1343 1669 1397 repositum

30 1411 101 1436 em.
849 1396 914 1437 est.
947 1401 1103 1438 Pierius.

35 1456 130 1507 633.
161 1452 401 1511 Nullangjam
413 1453 561 1509 Trojae.]
587 1451 735 1493 Coloni
751 1453 791 1491 ὃ(
889 1457 977 1510 Agi
985 1458 1080 1505 res.]
1095 1455 1178 1494 Pari
1193 1451 1382 1496 sententia
1397 1456 1494 1497 dixit
1508 1457 1668 1498 Arnob.

49 1509 129 1562 fugi
141 1507 317 1550 solebant
330 1509 513 1565 effingere
523 1510 717 1551 simulacra
731 1521 795 1562 pa·
852 1511 875 1550 1.
893 1511 935 1552 6.
966 1527 1040 1566 quae
1050 1517 1087 1552 in
1100 1514 1213 1551 medio
1216 1513 1292 1564 fita
1294 1516 1381 1565 fient
1400 1541 1411 1558 ,
1425 1514 1546 1554 docere
1558 1527 1671 1568 atque

21 1566 61 1606 iae
85 1568 243 1616 majoris
257 1596 270 1615 ‚
297 1567 451 1622 eiusque
467 1569 629 1608 nomine
642 1565 794 1613 urbem,
851 1584 987 1609 monere
998 1569 1193 1609 debuerunt
1203 1586 1306 1626 agere
1317 1587 1380 1610 vos
1391 1571 1497 1618 nihil,
1510 1577 1562 1617 ξφ
1576 1572 1689 1612 circae'

20 1636 100 1664 mm
125 1624 294 1665 condere
318 1627 357 1665 &
384 1627 558 1666 incolere
591 1624 791 1678 parabant,
850 1641 908 1667 res
920 1628 1030 1681 caffas
1042 1625 1230 1680 officiorum
1241 1628 1442 1683 impendere
1464 1632 1672 1671 navitates.

22 1679 148 1721 ficere:
171 1679 232 1722 sed
245 1683 287 1722 ὅ(
300 1695 434 1724 amnes
447 1680 712 1735 repraesentare
731 1680 797 1721 iis-
856 1688 904 1724 ln
927 1696 1005 1738 quo
1029 1682 1147 1723 verbo
1159 1684 1276 1724 credo
1287 1684 1514 1726 allufionem
1527 1684 1610 1727 fieri
1623 1684 1677 1727 ad

23 1751 71 1777 tm
86 1738 326 1781 nominibus:
347 1751 388 1780 ut
405 1740 600 1796 3.A².neid.
618 1738 793 1780 Turneb.
856 1753 1008 1781 morem
1031 1739 1224 1781 sacrorum
1239 1770 1255 1791 ,
1277 1742 1322 1782 in
1346 1741 1487 1797 quibus
1510 1759 1570 1798 ago
1592 1741 1698 1784 sol-·-

37 1810 77 1846 4.
91 1808 171 1849 c.4.
202 1799 346 1837 Taubm.
856 1799 987 1838 lemne
997 1797 1093 1838 fuit:
1113 1810 1155 1838 ut
1166 1795 1274 1853 supra
1286 1800 1407 1839 etiam
1422 1801 1554 1840 inillis
1568 1804 1676 1856 Qin

20 1856 257 1909 Nusquam]
283 1858 332 1894 In
346 1859 532 1894 Romano
545 1852 797 1897 codicemum-
859 1860 955 1911 agite
969 1883 980 1902 ,
1005 1868 1066 1895 res
1088 1867 1198 1897 nota.
1239 1856 1408 1898 adeundi
1442 1858 1676 1912 interpretes

33 1926 90 1952 am
112 1911 262 1965 legitur.
297 1913 474 1966 Superius
488 1912 598 1952 enim
613 1910 800 1964 temporis
860 1912 994 1954 ovidii
1007 1914 1051 1952 in
1064 1915 1092 1952 F
1094 1912 1161 1952 ast.
1175 1914 1223 1954 ad
1237 1913 1334 1954 illud
1355 1929 1366 1954 ι

29 1963 32 1967 ’
56 1969 317 2024 ginquitatem
352 1969 485 2009 dolere
508 1970 629 2022 coepit
654 1997 666 2015 ‚
697 1968 800 2022 quod
918 1978 1062 2027 Semper
1084 1983 1241 2026 agarna,
1263 1983 1388 2028 rogat:
1410 1987 1473 2012 nec
1486 1970 1675 2027 mfiy‘uffuae

49 2027 146 2067 tima
171 2026 253 2080 post
265 2029 394 2077 Trojae
405 2026 596 2067 excidium
611 2028 687 2075 jam
703 2023 804 2065 aestas
1043 2030 1132 2082 agit.

55 2093 226 2131 teretur,
254 2097 372 2138 quum
398 2098 461 2137 per
485 2082 712 2123 totlabores
725 2088 804 2123 Ita·
861 2084 1068 2137 Legendus
1092 2081 1317 2125 Btiffonius.
1346 2083 1421 2125 Hic
1444 2095 1484 2126 te
1509 2083 1681 2134 moneoj

43 2153 84 2180 m
97 2140 312 2194 fugientem
326 2138 593 2195 sequebantur.
610 2141 737 2180 Placet
748 2153 805 2179 ta·
863 2140 978 2182 verba
993 2141 1090 2181 haec:

26 2211 85 2238 nen
110 2199 150 2238 &
177 2201 349 2253 nusquam
360 2198 464 2253 quod
479 2200 519 2238 &
530 2197 670 2251 pariter
681 2197 808 2253 questa
1059 2217 1163 2230 ·-—--
1190 2198 1246 2237 hic
1254 2199 1407 2252 quarite
1419 2203 1574 2253 Trojam,

28 2252 48 2294 ὶ
54 2269 121 2310 per
133 2268 254 2297 terras
265 2258 392 2302 omnis,
406 2264 458 2300 (φ
470 2266 523 2295 tot
534 2255 710 2309 inhospita
711 2257 808 2308 fizxa
924 2256 997 2296 Hic
1013 2254 1134 2295 domus
1148 2255 1199 2295 ef}
1214 2255 1374 2311 (inquit)
1386 2256 1579 2310 vobisqam
1591 2254 1686 2297 tcm0‘

29 2315 89 2353 rri.
123 2316 171 2353 In
185 2316 373 2353 Romano
385 2325 561 2366 praeterea
572 2312 721 2359 codice,
733 2328 810 2354 ma·
1052 2327 1117 2366 pus
1128 2312 1185 2368 agi
1198 2320 1266 2352 r‘es.
1533 2344 1536 2347 .

31 2385 55 2410 ·s
76 2378 158 2424 pro'
169 2386 291 2410 amnes
312 2369 493 2424 scriptum
519 2382 586 2424 per
609 2370 809 2411 literarum
866 2365 969 2420 posse
981 2364 1055 2408 effe
1067 2379 1134 2409 aut
1147 2366 1363 2409 cassandrae
1373 2365 1423 2407 ad
1436 2367 1599 2413 Itidem,
1615 2378 1685 2410 aut

23 2428 26 2431 ’
53 2425 346 2481 nspofitionem.
377 2432 531 2469 Pierius.
866 2424 981 2465 Iridis
1006 2425 1053 2467 ad
1074 2425 1286 2466 foeminas:
1312 2436 1504 2479 utcunque
1528 2421 1687 2465 senten-

46 2485 144 2538 634.
172 2486 526 2537 Heeloreosamnesq
543 2482 816 2539 Qemadmo-
866 2482 919 2522 tia
945 2481 999 2522 est
1023 2484 1136 2523 clara.
1178 2482 1293 2523 verba
1316 2481 1468 2536 Virgilii
1493 2481 1688 2535 arripuere

50 2554 91 2582 m
113 2542 211 2584 vidit
233 2541 303 2584 fibi
321 2544 448 2597 pattiae
461 2541 729 2584 recordatione
739 2541 816 2581 fin·
866 2540 1004 2593 Papin.
1018 2541 1278 2582 &Claudiam
1297 2539 1431 2579 Prior:
1460 2550 1596 2594 tempus
1606 2542 1687 2595 agit

38 2597 88 2639 ffe
104 2629 118 2648 ,
139 2611 205 2642 aut
229 2614 313 2641 non
335 2602 540 2656 continget
562 2599 662 2642 mibi
689 2598 818 2641 videre
865 2612 951 2638 rem.
973 2597 1179 2638 Posterior:
1197 2603 1287 2639 Rem
1292 2600 1589 2653 peragittempus.
1604 2601 1694 2636 An·

53 2657 172 2699 mina.
207 2664 367 2700 Servius.
871 2664 911 2695 te
924 2668 1064 2696 omnes
1078 2659 1182 2696 Enn.
1202 2655 1385 2707 5.Annal.
1419 2657 1692 2707 occaficmjuvat

57 2715 250 2756 Xanthum
273 2724 325 2763 (φ
350 2715 564 2768 8ὶννιοέηια.]
599 2714 821 2769 Coniungit
871 2729 939 2753 res.
953 2711 1150 2755 Postrema
1162 2712 1238 2754 haec
1251 2713 1387 2754 notula
1399 2712 1607 2752 Columnae
1618 2709 1689 2752 est.

49 2780 95 2824 p‘e
120 2773 190 2813 hos
212 2773 309 2814 duos
322 2774 458 2815 fluvios
475 2802 488 2820 ,
516 2773 606 2828 quia
617 2773 819 2821 conjuncti
876 2769 1008 2811 cerda.

37 2827 84 2869 nfi.
99 2831 241 2872 Plinius
252 2830 321 2872 lib.
340 2845 375 2885 ς.
391 2844 474 2884 cap.
490 2843 551 2884 30.
569 2830 744 2873 Xanthus
756 2832 818 2870 Si-
932 2830 1021 2885 Aga·
1031 2828 1134 2880 rem]
1167 2827 1227 2868 Sic
1242 2831 1336 2869 Stat.
1350 2825 1378 2865 1.
1400 2838 1435 2878 5.
1450 2821 1576 2865 Theb.
1607 2824 1695 2867 dum

41 2889 301 2943 ob'ntiy'unblus.
330 2889 472 2931 Cerda.
874 2897 1010 2941 tempus
1022 2889 1101 2942 agit
1113 2901 1187 2926 rem
1212 2886 1397 2938 Confialite.
1430 2885 1562 2922 Emm.

33 2963 36 2967 ·
61 2945 111 2998 63
124 2959 158 2997 5.
192 2946 407 2999 Infaustam]
434 2944 531 2986 Mali
542 2943 704 2986 ominis.
720 2951 819 2986 Serv.
936 2942 984 2997 63
995 2957 1033 2997 9.
1066 2948 1170 2983 Mora
1204 2939 1415 2997 prodigia]
1446 2943 1543 2979 Ecce
1574 2937 1698 2994 prodi-

35 3018 38 3026 ·
65 3002 161 3051 636.
192 3009 288 3045 Nam
299 3005 388 3045 mihi
403 3003 640 3059 caffandrae.]
656 3004 750 3043 Non
764 3002 825 3044 cui
877 3002 974 3057 giam
987 3000 1035 3040 de
1045 2998 1181 3040 bono:
1213 3002 1252 3040 δι
1264 3008 1552 3052 argumentatur
1573 2996 1622 3036 ad
1635 2997 1701 3060 in·

47 3059 158 3100 edere
182 3073 263 3101 non
287 3061 499 3102 debuerant
516 3073 526 3099 ε
565 3058 628 3100 sed
652 3073 743 3104 cum
763 3056 827 3105 sua
879 3057 1061 3099 cendium
1074 3058 1230 3098 navium
1244 3085 1255 3103 ‚
1271 3069 1353 3096 aras
1366 3054 1498 3095 ardere
1512 3057 1703 3106 Neptuni:

41 3117 176 3162 unicie
190 3131 274 3162 non
286 3119 537 3163 crediderant.
571 3118 687 3166 Idem.
884 3128 979 3174 quas
1000 3114 1092 3166 ideo
1115 3125 1284 3174 quattuor
1308 3113 1404 3168 dicit
1419 3140 1434 3164 ‚
1460 3112 1549 3170 quia
1560 3109 1711 3211 63ξὲὲὶ
