2037 3787
411 164 883 223 AENEroos

970 159 1019 215 L
1045 176 1066 214 1
1092 179 1142 219 Β.
1183 156 1293 222 VI.
1569 180 1694 246 1119

141 254 263 319 Esse
280 257 464 318 sinent.
511 257 730 315 nimium
747 254 898 316 vobis
912 256 1159 314 Romana
1174 275 1411 344 propago

148 340 275 404 Visa
292 346 480 422 potens
497 380 514 408 ,
548 338 712 419 superi
731 380 747 407 ‚
780 339 985 420 propria
1000 336 1107 396 haec
1124 339 1161 397 sr
1179 340 1318 398 dona
1333 336 1554 404 tuissent.

151 429 396 499 Qantos
413 424 499 481 ille
515 423 686 483 virfim
703 443 946 503 magnam
965 424 1224 480 Mavortis
1242 423 1304 481 ad
1323 422 1508 481 urbem

151 511 386 588 Campus
405 525 522 590 aget
537 508 759 589 gemitus
782 507 792 565 ἒ
830 507 913 562 vel
930 525 1044 584 quae
1062 545 1080 572 ,
1114 506 1370 564 Tiberine
1385 547 1402 574 ‚
1432 505 1631 567 videbis

25 595 132 672 875
151 595 349 651 Funera
367 634 384 660 ‚
421 613 541 649 cum
557 592 814 649 tumulum
832 587 1194 667 praeterlabere
1206 608 1472 649 recentem
1497 593 1510 651 ἱ

1576 674 1705 733 Nec

81 756 310 811 Ostendent]
341 758 570 812 Metaphora
591 758 704 799 dueta
716 755 766 796 ab
780 769 837 796 ar-
882 753 1076 794 tationem
1092 783 1103 802 ‚
1131 768 1213 810 quae
1237 753 1291 795 est
1317 754 1507 804 historiae3
1537 753 1599 796 sed
1613 769 1700 798 tan-

24 814 187 856 boribus
213 817 252 856 &
276 828 317 855 re
341 817 480 857 rustica
497 830 507 854 ε
536 816 626 855 ideo
649 814 777 868 postea
791 814 834 855 si-

24 885 145 927 gnate
150 887 301 928 propago
313 875 393 926 pari
407 871 693 913 consecutione.
724 874 821 912 CRce

25 943 72 970 ro
96 931 140 969 in
165 933 343 970 Catone:
373 932 607 983 adolescentia
614 930 788 986 fignificat
806 946 836 968 o-

14 987 223 1042 stenditque
238 988 383 1037 fruHus
397 991 565 1040 futuros:
595 992 730 1042 reliqua
745 999 834 1026 tem-

18 1059 105 1101 pora
119 1045 338 1084 demetendis
340 1046 520 1096 fruHibus
534 1073 546 1092 ‚
569 1058 630 1084 auc
638 1048 838 1100 percipien-

24 1103 81 1142 dis
104 1101 477 1155 accomrnad.1c„efi‹nt.
509 1102 703 1143 Dicuntur
726 1103 835 1141 enim

26 1159 184 1198 arbores
197 1157 398 1200 ostendere
411 1189 422 1207 ,
437 1173 523 1200 curn
540 1158 620 1210 spes
634 1157 686 1199 est
705 1159 836 1198 inillis

19 1214 156 1256 futurae
180 1215 378 1257 ubertatis,
411 1217 509 1258 Inde
531 1216 734 1256 illustrabis
745 1216 838 1257 infi-

24 1275 108 1312 nita
121 1275 322 1314 :iustorum
335 1277 421 1314 loca
435 1303 449 1323 ‚
472 1287 550 1329 quae
560 1288 632 1328 ego
648 1275 707 1314 hic
721 1276 835 1323 nolo,

24 1329 68 1369 in
92 1330 230 1386 quibus
242 1328 388 1385 semper
404 1333 475 1372 hoc
489 1333 646 1372 verbum
667 1345 752 1374 curn
777 1345 840 1372 re-

23 1384 153 1442 spectu
165 1388 209 1426 ad
227 1387 397 1431 arbores.
414 1386 544 1431 Versus
554 1391 706 1443 Virgilii
721 1389 837 1430 habe-

25 1457 66 1484 re
89 1445 215 1498 potest
239 1444 410 1487 formam
436 1446 646 1502 proverbii.
679 1447 749 1488 uti
762 1449 833 1487 illo

23 1503 239 1556 poterimus
252 1531 263 1550 ,
289 1506 443 1558 quoties
459 1506 505 1544 de
518 1517 635 1557 puero
647 1506 778 1560 aliquo
792 1518 836 1545 0-

25 1561 225 1600 minamur
249 1559 354 1602 brevi
366 1563 477 1603 illurn
492 1563 610 1603 vitam
622 1562 837 1606 finiturum.

27 1618 276 1658 Gordianum
303 1620 518 1675 Angustum
531 1631 678 1673 patrem
693 1633 742 1660 eo
758 1633 841 1662 vet—

22 1671 66 1714 su
78 1672 185 1715 usum
201 1672 340 1717 scimus
353 1689 537 1731 tanquam
550 1676 841 1731 proverbio‘ali-

19 1744 101 1787 quo
125 1733 167 1772 in
180 1735 398 1787 auguranda
413 1734 604 1775 Gordiani
616 1734 689 1777 filii
700 1736 842 1776 imma-

26 1801 114 1829 tura
141 1791 182 1830 δε
197 1790 332 1830 acerba
345 1804 489 1833 morte.
523 1792 597 1839 Sed
610 1790 770 1833 obsecro
781 1795 840 1833 le-

27 1847 115 1888 ἕξοι·
128 1874 143 1896 ,
155 1859 205 1886 an
217 1846 363 1890 fallitur
376 1850 555 1904 Virgilius
570 1854 582 1891 Ξ
616 1852 679 1905 qui
692 1849 831 1900 solum,

59 1904 254 1960 ostendent
275 1911 382 1949 terris
406 1909 496 1949 hunc
512 1912 759 1961 tantumfaca,
773 1925 836 1950 nec

171 1965 267 2003 ultra

56 2019 275 2084 Effifirtent,

0 2099 3 2110 ·
24 2090 104 2130 quo
130 2077 262 2117 innuit
287 2076 444 2116 brevem
469 2075 682 2119 admodum
697 2079 842 2122 witam.

27 2139 98 2174 An
125 2134 327 2189 (inquam)
348 2132 523 2177 fallitur?
554 2139 654 2178 Nam
686 2138 851 2189 Proper·

28 2192 106 2232 tius
118 2190 186 2231 lib.
204 2204 241 2244 3.
255 2193 352 2244 eleg.
378 2191 435 2232 ¹8.
451 2205 531 2247 quae
547 2205 632 2234 tota
645 2193 696 2234 est
709 2193 756 2235 de
769 2193 844 2234 hoc

27 2249 218 2291 Marcello
232 2277 244 2296 ‚
259 2249 313 2289 ita
324 2247 457 2289 scribit
471 2263 482 2288 :

59 2307 215 2353 Occidit,
230 2312 284 2352 (θ’
296 2305 571 2363 mifi’rosteterat
583 2307 769 2365 vigesimus
781 2323 848 2348 an·

175 2379 253 2404 nus.

94 2427 157 2461 Tot
167 2422 254 2462 bona
265 2433 344 2461 tam
352 2434 465 2477 parvo
471 2420 597 2474 claufit
606 2423 645 2461 in
655 2422 732 2463 orbe
744 2421 838 2462 dies.

886 823 968 851 tum
996 813 1175 853 animum
1189 825 1369 863 movere,
1405 817 1624 856 utPoetam
1637 807 1718 856 ‹ie-⁸

886 868 1011 909 cebat.
1047 871 1176 910 cerda.

943 928 1054 980 Nea]
1095 932 1142 967 In
1166 926 1339 981 pluribus
1366 928 1536 984 antiquis
1560 929 1709 970 codici-

887 980 957 1023 bus
970 1011 985 1032 ,
1002 1000 1065 1024 nec
1076 983 1388 1039 monosyllabum
1403 986 1470 1027 est.
1511 987 1582 1026 Sed
1595 981 1708 1029 enim

889 1057 998 1096 neque
1014 1043 1109 1082 ultra
1125 1071 1136 1089 ‚
1165 1055 1208 1082 ea
1223 1044 1412 1084 vocalium
1425 1042 1625 1084 collisione
1640 1058 1713 1084 ne-

888 1095 967 1138 scio
982 1100 1074 1153 quid
1088 1097 1347 1141 miserabilius
1369 1100 1539 1141 ostendit
1554 1129 1565 1148 ,
1598 1100 1709 1144 ναῶ

888 1157 1008 1196 etiam
1043 1159 1230 1205 ejulatum
1267 1158 1562 1214 quodammodo
1587 1161 1710 1200 emit-

891 1224 1014 1255 tente.
1047 1218 1204 1255 Pierius.

949 1272 1037 1323 871-
1070 1275 1230 1314 Nimium
1243 1273 1362 1320 vobis,
1380 1273 1492 1326 ἔφα]
1519 1271 1710 1327 Apostro-

888 1327 961 1382 phe
975 1330 1022 1368 ad
1035 1329 1131 1369 deos
1148 1357 1161 1376 ‚
1180 1343 1267 1371 cum
1281 1330 1567 1386 indignatione.
1598 1331 1704 1388 Qd.

890 1386 1087 1427 Invidistis
1109 1386 1232 1442 superi
1258 1388 1388 1442 glotiae
1413 1393 1629 1437 Romanae,
1660 1391 1705 1429 δι

888 1443 1018 1484 vestris
1040 1444 1293 1486 muneribus:
1334 1458 1427 1486 nam
1439 1449 1603 1499 filicitas
1641 1459 1709 1487 vc-

887 1501 1007 1542 strum
1022 1515 1162 1543 munus
1174 1502 1239 1543 est.
1270 1505 1413 1545 Taubm.

958 1561 1150 1616 Propago.]
1188 1561 1309 1608 Quod
1342 1561 1500 1616 quidam
1530 1560 1707 1611 tradunt,

890 1617 1120 1659 vocabulum
1148 1619 1221 1659 hoc
1246 1619 1294 1659 de
1317 1623 1396 1660 vite
1417 1616 1612 1672 sumptum
1627 1619 1711 1673 pri-

891 1687 999 1715 mam
1008 1676 1219 1731 producere
1230 1689 1244 1724 5
1273 1677 1323 1716 de
1332 1677 1491 1726 homine,
1500 1678 1711 1731 corripere3

891 1731 1003 1776 futile
1029 1731 1104 1774 effe
1128 1733 1272 1774 docent
1294 1732 1464 1784 Probus,
1480 1734 1647 1789 *Erythia
1664 1736 1708 1776 δι’

888 1794 1044 1833 Luctet.
1069 1805 1165 1846 quos
1191 1791 1335 1832 videas.
1382 1797 1430 1832 In
1444 1790 1602 1832 Casibus
1614 1793 1709 1847 qui·-

887 1849 980 1889 dem
997 1850 1117 1889 variat
1133 1848 1337 1890 modulum
1356 1847 1526 1905 Syllabae,
1544 1847 1607 1892 sed
1623 1862 1712 1892 non

891 1904 1168 1961 insignificatu.
1201 1906 1322 1950 Idem.

952 1965 1047 2015 872.
1078 1967 1168 2017 Vifiz
1186 1976 1262 2019 pot.
1277 1964 1436 2019 liquet-L]
1475 1968 1580 2004 Cum
1608 1963 1713 2004 indi·

894 2022 1083 2074 gnatione
1096 2022 1205 2068 dicit,
1220 2022 1418 2062 Invidistis
1433 2022 1473 2062 δε
1486 2022 1615 2076 gloriae
1631 2026 1716 2062 Ro-

897 2092 1022 2119 manae
1034 2107 1046 2126 ,
1066 2080 1106 2119 &
1121 2078 1253 2119 vestris
1264 2078 1504 2120 muneribus.
1540 2081 1642 2119 Nam
1655 2077 1716 2121 fe-

893 2137 1019 2178 licitas
1033 2135 1154 2176 vestra
1165 2133 1252 2176 sunt
1263 2149 1436 2177 munera.
1465 2141 1633 2178 Servius.

955 2194 1115 2248 Superi]
1144 2197 1191 2232 111
1209 2197 1393 2234 Romano
1405 2193 1540 2233 codice
1554 2197 1718 2250 ‚superis

893 2249 1046 2304 legitur.
1080 2249 1150 2290 Sed
1178 2263 1305 2306 neque
1328 2251 1369 2291 id
1397 2252 1533 2305 placet.
1576 2256 1717 2306 Longe

896 2308 1005 2348 enirn
1024 2307 1165 2347 melius
1178 2306 1232 2346 est
1248 2336 1260 2355 ,
1284 2311 1375 2361 Vcfiz
1379 2320 1506 2363 potem
1519 2310 1617 2349 vobis
1630 2308 1718 2363 ‹ific-

891 2370 970 2421 peri
989 2393 1001 2412 ,
1028 2377 1142 2420 quam
1158 2364 1252 2405 vobis
1271 2367 1422 2420 fiaeperis.
1464 2366 1626 2407 Pierius.

954 2423 1139 2479 Propria]
1166 2425 1374 2478 Perpetua:
1397 2435 1453 2472 ut,
1468 2427 1724 2481 Propriamqus³

33 2480 155 2519 Certe
178 2492 305 2534 neque
330 2479 437 2525 Dio,
476 2491 602 2533 neque
631 2479 849 2521 Plutarchus
899 2480 1038 2521 dicabo.
1065 2480 1230 2520 Servius.

37 2537 215 2578 Marcelli
228 2547 355 2577 annos
378 2536 580 2589 attingunt
593 2566 605 2583 ‚
628 2537 695 2593 qui
711 2548 845 2577 tamen

34 2593 84 2633 de
111 2591 206 2647 ipso.
237 2595 392 2636 Tacitus
403 2594 450 2634 de
463 2595 534 2634 illo
548 2593 616 2634 lib.
635 2608 674 2635 Ι.
704 2595 850 2634 Annal.

956 2537 1145 2594 Proprias]
1165 2538 1208 2578 Id
1222 2535 1291 2585 est,
1302 2548 1497 2592 perpetua.
1514 2536 1568 2578 ita
1582 2550 1599 2591 3
1611 2541 1719 2579 .AEn.

1088 2596 1138 2635 da
1146 2598 1340 2652 propriam,
1354 2598 1544 2650 Tymbraee,
1558 2596 1716 2638 domum.

37 2663 103 2704 per
128 2652 246 2691 initia
274 2652 355 2700 ait,
381 2651 573 2692 donatum
598 2651 649 2692 ab
676 2651 851 2706 Augusto
902 2653 1107 2707 Proprium
1130 2653 1240 2693 enirn
1266 2665 1463 2708 nunquam
1479 2653 1660 2694 avellitur
1671 2651 1722 2693 ab

36 2708 342 2757 Pontificum&
360 2709 561 2751 ffidiiitate
572 2710 760 2750 admodum
772 2710 861 2749 ado·
903 2707 1076 2751 essentia.
1106 2710 1147 2750 &
1172 2709 1226 2750 est
1249 2711 1489 2751 contrarium
1503 2712 1726 2754 communi·

35 2768 227 2819 lestentem.
261 2765 348 2806 Post
375 2781 455 2822 quae
468 2766 584 2808 verba
596 2767 730 2808 innuit
744 2768 855 2808 illum

39 2823 170 2864 statim
184 2822 334 2864 obiisse.
356 2826 395 2865 &
408 2823 522 2866 lib.2.
539 2824 588 2864 de
602 2824 740 2865 eodem
752 2827 858 2865 Mat-

0 2914 1 2935 ]
36 2882 155 2929 cello,
170 2882 223 2922 ita
239 2897 249 2922 z
272 2883 512 2938 flagrantibus
524 2882 772 2937 plebisfludiis
785 2898 858 2923 ere-

32 2951 154 2995 ptum,
169 2941 291 2981 breves
305 2947 356 2985 &⁶
368 2940 535 2993 infaustos
550 2947 633 2994 Pop.
652 2945 751 2981 Rom.
767 2957 860 2979 amo-

37 3013 110 3037 res.
140 2998 395 3052 Aliilegunt:
416 2998 653 3054 flagrantibus
663 2997 861 3052 plebisstu-

38 3055 114 3093 diis
127 3083 138 3101 ,
156 3057 454 3110 intrayuventam
468 3068 626 3110 ereptum
640 3083 653 3103 ,
670 3057 745 3095 &a
761 3059 858 3096 Cer-

42 3122 82 3150 te
97 3112 279 3166 Virgilius
293 3110 381 3152 satis
395 3111 501 3152 duxit
514 3111 672 3153 affectus
686 3113 863 3159 excitare,

45 3168 90 3212 δι
115 3168 204 3213 ideo
236 3170 364 3213 noluit
389 3170 506 3212 ullam
519 3183 716 3213 annorum
728 3168 861 3228 suppu-

907 2768 1003 2810 Scal.
1018 2770 1044 2808 1.
1058 2782 1096 2820 4.
1113 2780 1144 2806 c.
1156 2769 1218 2808 16.
1232 2770 1344 2808 Po‘e't.
1376 2772 1523 2810 Tauhm.

962 2826 1054 2878 873.
1090 2829 1276 2867 Mavortis
1291 2827 1469 2884 campan]
1494 2830 1543 2867 In
1569 2837 1646 2883 quo
1672 2823 1728 2868 est

907 2882 1088 2937 sepultus.
1123 2886 1289 2924 Servius.

969 2942 1018 2991 87
1028 2955 1062 2994 5.
1093 2946 1231 2981 Funera
1243 2969 1254 2988 ,
1272 2957 1347 2982 cum
1361 2952 1453 2981 tum.
1464 2943 1622 2997 prareti.
1637 2942 1732 2997 ren]

909 3002 1068 3052 Propter
1082 2996 1279 3039 sexcentos
1291 2999 1474 3040 lestulos.
1500 2999 1619 3039 Idem.

966 3064 1108 3098 funera
1121 3085 1133 3104 ,
1148 3073 1225 3096 cum
1238 3056 1450 3108 tumulum]
1479 3057 1632 3097 Servius
1646 3088 1657 3106 ,
1674 3057 1736 3098 hi-

911 3112 1119 3169 storicique
1143 3115 1318 3155 austeres
1331 3110 1418 3155 sunt
1434 3112 1550 3155 funus
1564 3114 1740 3155 Marcelli

910 3172 1022 3214 lestis
1058 3169 1255 3227 sexcentis·
1281 3182 1465 3216 ornatum
1489 3183 1743 3271 curatuirlnqssu:

1647 3244 1671 3271 ιι
1689 3244 1742 3278 .e,
