2037 3787
472 138 929 198 'AEnrfirnos

1014 136 1063 195 L
1097 155 1118 195 1
1157 134 1339 198 12:11.
1617 159 1734 220 471

170 242 304 302 Inde
323 241 541 300 domum
560 279 578 306 ,
613 237 650 297 s1
665 234 800 295 forte
819 236 1010 315 pedem
1029 276 1047 303 ,
1079 237 1116 296 fi
1128 234 1265 294 forte
1283 234 1504 302 tuliflet',

171 327 270 385 Me
287 320 475 384 refero,
505 322 764 379 inruerant
782 321 973 387 Danai,
992 328 1046 380 δε
1065 321 1263 379 tenum
1280 340 1444 378 omne
1460 316 1728 382 tenebant.

174 409 323 465 Ilicet
339 406 469 487 ignis
488 404 618 462 edax
635 403 833 462 summa
850 403 912 460 ad
929 400 1125 486 fastigia
1140 420 1302 461 vento

171 491 455 549 Volvitur:
491 485 796 566 exsuperant
809 486 1066 544 flammae:
1104 484 1219 543 furit
1239 483 1384 543 aestus
1404 483 1470 543 ad
1487 505 1649 547 auras,

46 578 164 651 760
179 571 422 630 Procedo
439 609 456 636 ,
493 578 547 629 &
568 572 757 628 Priami
776 568 916 628 sedes
934 589 1208 649 arcemque
1224 567 1410 632 reviso,

170 658 242 713 Et
259 657 365 733 jam
385 652 667 734 porticibus
685 654 852 713 vacuis
868 653 1085 731 Junonis
1102 649 1242 731 asylo

45 843 126 896 μίαι
139 855 150 881 :
165 839 205 884 8<
219 841 326 883 addit
339 841 552 891 rationem,
562 837 662 893 μεςῆ
676 837 722 895 28
735 840 877 898 omnio

49 900 210 950 &noellae
225 899 307 945 ἒςὶν.
339 899 478 939 cerda.

103 960 186 1013 Ipfit
191 960 334 1009 silentia
342 955 511 1007 terrent]
538 959 628 995 Stat.
645 954 712 995 LI.
728 951 854 994 Theb.

42 1013 132 1055 ideo
156 1017 255 1070 nigra
265 1015 402 1057 mentia
424 1013 614 1065 appellat,
645 1024 723 1064 quae
736 1022 859 1050 terro-

43 1084 125 1112 rem
139 1072 490 1112 incutiunt.Verum
503 1068 853 1124 est,quodJuvenal.

1530 727 1727 790 Custo-

912 837 1027 890 Qod
1042 837 1156 878 Silius
1169 837 1239 879 lib.
1258 853 1293 881 1.

938 898 1239 947 Incitafialcatum
1250 898 1398 937 tremula
1401 898 1503 950 secat
1517 903 1602 937 αένα
1612 895 1723 953 flam-

1042 968 1101 992 md
1117 969 1129 992 ἒ

914 1008 1051 1049 Solent
1075 1008 1184 1049 enim
1221 1010 1345 1049 Poetae
1381 1007 1428 1049 ad
1457 1008 1725 1063 explicandum

883 1077 885 1091 ¹
912 1078 1098 1119 magnum
1121 1066 1350 1106 incendium
1371 1066 1569 1106 decurrere
1594 1066 1643 1107 ad
1654 1079 1727 1107 au·

45 1136 120 1170 δεῖ.
135 1142 196 1169 10.
214 1126 274 1177 ybs.
294 1141 354 1167 ΣΟ.
388 1129 575 1167 Nofi'ezter
584 1126 769 1180 mgnffiu,
805 1128 861 1164 la·
881 1121 884 1165 ἕ
913 1135 996 1170 taS,
1014 1123 1059 1163 ad
1071 1124 1215 1163 coelum
1231 1152 1244 1170 ‚
1257 1122 1304 1163 ad
1315 1122 1442 1162 fideta.
1473 1122 1604 1164 Corda.

43 1186 157 1233 dium,
169 1197 373 1238 contumque
385 1186 535 1223 timebis.
566 1141 804 1222 Emmenessg.

103 1242 198 1294 756.
227 1247 270 1282 Et
282 1246 377 1291 forte
396 1239 544 1292 pedem,
567 1239 747 1291 siforte.]
781 1240 858 1277 Ite-

40 1299 195 1339 tatione
208 1299 309 1337 auxit
320 1295 625 1337 dubitationem.
656 1299 805 1334 Servius.

101 1368 197 1406 757.
230 1362 426 1394 Inruerant
450 1352 610 1402 Danai]
655 1350 765 1407 Qos
787 1357 858 1393 Ve-

45 1424 117 1452 nus
130 1422 220 1451 ante
232 1410 489 1464 prohibuerat.
517 1409 636 1449 Unde
660 1408 712 1448 est
727 1437 740 1456 ,
765 1413 810 1449 Et
823 1410 860 1447 ni

43 1484 123 1509 mea
135 1468 375 1520 cumrefislat.
408 1465 530 1506 Idem.

100 1526 191 1578 758·
224 1525 365 1576 Ilicet.]
393 1520 630 1564 Confestim.
659 1522 734 1561 Hic
746 1519 857 1576 figni-

44 1581 134 1622 ficar
156 1582 259 1636 quod
277 1584 355 1622 Ilico
370 1599 383 1622 .·
413 1581 486 1622 Sed
500 1581 617 1621 metri
627 1583 780 1621 ratione
795 1593 855 1621 va-

46 1641 204 1681 riantur.
238 1641 353 1680 Idem.

101 1702 198 1736 Ilicet
222 1698 314 1752 ignis
339 1696 437 1738 edax
461 1725 473 1744 ,
499 1696 610 1747 &c.]
640 1692 792 1735 Similes
803 1693 859 1732 vi-

10 1767 15 1773 ·
48 1753 301 1806 &orisignis,
331 1751 626 1807 &summopere
642 1748 858 1792 excrescen-

46 1812 98 1850 tis
136 1810 409 1863 descriptiones
438 1812 550 1852 attuli
574 1812 616 1850 in
644 1809 859 1862 Georgicis:

46 1871 104 1909 Ut
127 1867 185 1908 hic
211 1867 307 1909 edax
329 1870 450 1923 ignis,
476 1869 531 1908 ita
556 1883 594 1922 3.
624 1870 739 1906 Geor.
769 1867 862 1921 ignis

45 1926 184 1966 edebat.
217 1927 401 1966 Horatius
423 1924 548 1977 lib.3.
576 1923 864 1978 Od.4.peredit

44 1986 150 2039 ignis.
188 1983 328 2022 Statius
353 1981 531 2036 9.Theb.
558 1979 768 2037 ignisedat.
807 1980 862 2019 Si-

46 2041 133 2080 mili
147 2039 442 2084 verboMattius
453 2039 552 2094 apud
565 2045 727 2081 Varron.
741 2036 860 2078 lib.6.

45 2096 95 2137 de
111 2097 224 2150 Ling.
246 2099 333 2136 Lat.

73 2160 221 2208 Corpora
258 2159 443 2209 Grajorum
478 2153 671 2194 moerebant
694 2150 863 2192 mandier

187 2213 276 2265 igni.
458 2208 595 2249 Cerda.

97 2273 242 2307 Summa
265 2265 468 2321 adfastigia
479 2266 619 2317 venta]
661 2264 737 2318 Qi
753 2275 863 2317 urget

46 2323 251 2369 flamm283
278 2335 320 2363 ut
331 2354 343 2372 ,
359 2325 484 2363 Veluti
497 2340 570 2363 cum
582 2323 862 2372 flammafuren-

43 2385 135 2422 tibus
159 2381 299 2432 austris.
334 2379 510 2436 Fastzgia,
540 2379 662 2419 modo
688 2378 734 2418 de
760 2375 861 2418 sum-

46 2439 185 2479 mitate
213 2439 364 2491 proprie
379 2437 475 2477 dixit
492 2453 502 2477 :
523 2436 619 2477 alibi
631 2436 678 2476 de
693 2435 802 2481 im03
822 2447 862 2476 ut

47 2494 103 2536 est
120 2524 132 2541 ,
147 2495 302 2546 Forsitan
316 2496 542 2546 &serabibus
555 2492 860 2549 quaefintfastigo'a

48 2567 202 2609 quaeriu.
233 2552 328 2592 Inde
343 2550 414 2600 est,
430 2560 458 2593 C
460 2555 628 2607 celumque
636 2550 863 2605 profundum:

48 2612 156 2661 cujus
177 2621 294 2663 porro
318 2608 460 2649 fundus
485 2607 567 2648 est:
599 2621 688 2648 cum
715 2607 763 2647 de
776 2608 860 2648 imo

36 2667 194 2719 fundus,
210 2665 258 2706 de
269 2665 421 2706 summo
428 2666 613 2722 fastigium
635 2664 792 2705 dicatur.
824 2673 861 2705 S.

107 2732 251 2764 Summa
275 2723 481 2778 adsszsiigia
505 2735 622 2764 vento.
646 2723 663 2774 ]
705 2724 858 2776 Magnis

47 2780 240 2823 incendiis
255 2782 295 2820 ὃ(
309 2782 416 2821 venti
429 2781 738 2835 implicantur‚ut
756 2792 868 2820 notat

52 2839 335 2898 J.Cameratius
347 2838 470 2892 probi.
481 2852 541 2879 ro.
558 2836 725 2887 decut.4.
752 2843 862 2878 Emm.

109 2909 201 2947 759.
235 2898 335 2935 Furit
366 2896 677 2950 aestusmlauram]
712 2895 774 2935 Est
795 2895 867 2935 hoc

54 2952 158 3008 quod
172 2951 238 2992 lib.
257 2967 292 3000 5.
319 2964 435 2992 atram
459 2956 498 2993 in
521 2953 633 2993 nimbo
645 2953 793 2993 volitare
802 2956 866 3006 fa-

56 3009 200 3050 villam.
235 3009 340 3063 quod
354 3010 396 3049 in
409 3023 450 3063 9.

328 3071 475 3124 aterqiee
486 3065 533 3108 ad
537 3065 661 3120 sidera
661 3069 790 3120 furtim

113 3125 287 3181 Erigitur.

970 1180 1064 1232 760.
1097 1180 1273 1232 Priami-J
1299 1180 1420 1219 Patris
1432 1180 1526 1228 ejus.
1557 1182 1727 1220 servius.

968 1241 1121 1279 Arcem.
1137 1238 1156 1290 ]
1194 1240 1254 1279 Ne
1291 1237 1350 1278 vel
1373 1237 1461 1277 illuc
1485 1233 1728 1293 confugisset.

913 1292 1032 1334 Idem.
1135 1333 1137 1335 .
1595 1312 1597 1315 ·

968 1350 1132 1399 Procedo,
1148 1356 1200 1396 (θ’
1213 1349 1460 1404 I’riamifedes
1472 1364 1656 1405 arcemque
1663 1365 1723 1390 re-

912 1409 1020 1461 viso]
1052 1413 1101 1448 In
1127 1405 1320 1449 veteribus
1345 1408 1493 1462 aliquot
1506 1407 1731 1460 exemplari-

914 1463 984 1504 bus
997 1492 1012 1513 ,
1037 1469 1196 1520 protinus
1221 1465 1391 1507 omnino
1406 1464 1591 1512 habetur3
1620 1465 1728 1516 plura

913 1533 1047 1562 tamen
1070 1536 1117 1563 ex
1138 1523 1216 1563 illis
1235 1522 1380 1578 procedo
1405 1522 1453 1563 ad
1470 1524 1602 1562 Priami
1606 1521 1728 1574 fides,

911 1580 1057 1632 legunt.
1090 1581 1133 1621 in
1148 1578 1447 1635 Longobaxdico
1459 1578 1576 1619 lestio
1588 1579 1640 1619 est
1656 1578 1728 1621 lm·

914 1634 1095 1685 jusmodi,
1108 1636 1324 1692 praedm&
1339 1638 1479 1677 Priami
1481 1635 1584 1688 sedes
1595 1650 1731 1676 arcem⁶

914 1711 980 1748 que
1001 1698 1129 1748 revifh.
1162 1697 1212 1734 Et
1237 1694 1291 1734 ita
1307 1692 1521 1734 habeturin
1535 1691 1730 1741 Mediceo,

916 1753 958 1791 &
974 1751 1015 1791 in
1029 1750 1166 1792 Porcio
1182 1779 1197 1801 ‚
1226 1751 1267 1791 ὅ(
1280 1751 1430 1805 aliquot
1443 1749 1527 1790 aliis
1541 1750 1723 1804 antiquis.

916 1809 1046 1862 Qam
1070 1809 1283 1850 restionem
1307 1809 1428 1848 etiam
1458 1806 1521 1846 Ti.
1551 1811 1735 1848 Donatus

914 1864 1101 1920 agnoscit.
1131 1866 1204 1905 Ait
1213 1865 1323 1905 enim
1341 1892 1354 1911 ,
1383 1863 1560 1910 Procedo,
1576 1862 1648 1903 hoc
1659 1862 1733 1914 est,

915 1922 1220 1976 progredior-‚vel
1231 1922 1388 1962 ulterius
1398 1921 1554 1961 accedo.
1568 1926 1613 1962 Et
1627 1925 1736 1961 Pria-

888 1993 890 2001 *
915 1983 965 2021 mi
978 1981 1084 2032 sodes
1091 1991 1274 2033 ercemqu‘e
1285 1979 1398 2032 revisb
1412 1994 1424 2018 :
1455 1992 1504 2018 ne
1517 1978 1583 2018 illa
1598 1978 1646 2018 ad
1659 1978 1730 2018 do·

917 2050 1025 2077 mum
1050 2039 1166 2091 patris
1193 2035 1248 2076 sui
1263 2065 1274 2083 ,
1303 2034 1429 2077 autad
1447 2035 1643 2076 munitum
1656 2037 1730 2076 ali-

916 2108 1032 2151 quem
1042 2096 1173 2136 locum
1190 2092 1226 2134 se
1240 2090 1474 2134 contulisset.
1505 2095 1660 2134 Pierius.

974 2152 1071 2204 761.
1102 2152 1270 2203 Vacuis.]
1300 2150 1457 2203 Magnis
1472 2179 1487 2199 ‚
1512 2151 1654 2206 quippe
1681 2149 1735 2190 il-

914 2209 968 2249 lic
990 2220 1101 2249 erant
1128 2209 1277 2252 omnia.
1306 2208 1390 2248 Alii
1405 2208 1527 2248 vacuis
1541 2235 1554 2254 ,
1579 2219 1649 2261 pro
1661 2221 1731 2247 va-

917 2268 1032 2306 cuatis
1056 2266 1284 2319 intelligunt
1298 2292 1314 2313 ,
1354 2275 1395 2305 ut
1417 2263 1461 2303 fit
1484 2277 1634 2304 nomen
1660 2276 1730 2317 pro

915 2323 1118 2376 participio
1135 2335 1150 2369 3
1175 2333 1239 2362 aut
1250 2323 1370 2363 vacuis
1381 2318 1404 2361 ὲ
1418 2321 1534 2362 nobis
1545 2349 1558 2369 ,
1572 2332 1635 2362 aut
1648 2333 1733 2362 cer-

917 2392 958 2420 te
974 2382 1096 2420 vacuis
1110 2408 1125 2429 ,
1138 2379 1238 2419 latis.
1267 2382 1424 2419 Servius.

973 2437 1133 2492 Junonbs
1157 2437 1284 2489 asy'lo.]
1313 2435 1483 2486 Templo
1499 2447 1508 2472 ε
1532 2432 1635 2474 unde
1648 2432 1736 2474 nul-

914 2493 974 2533 lus
1000 2491 1114 2546 possit
1135 2494 1182 2533 ad
1208 2492 1434 2545 supplicium
1459 2489 1620 2531 extrahi.
1656 2491 1735 2532 Di-

919 2550 1022 2590 stum
1038 2553 1171 2605 asjlum
1184 2577 1198 2599 ,
1226 2547 1327 2604 quast
1339 2552 1488 2603 afyrum.
1520 2548 1628 2593 Alii,
1652 2551 1735 2600 as}-

917 2611 988 2647 lum
1001 2607 1089 2647 ideo
1102 2607 1248 2647 dietum
1265 2634 1278 2652 ,
1292 2605 1393 2661 quod
1409 2606 1535 2645 nunus
1547 2605 1640 2645 inde
1655 2607 1737 2645 tol·

914 2665 1057 2705 leretur
1067 2693 1078 2711 ,
1096 2663 1136 2704 id
1147 2664 1200 2704 est
1214 2691 1228 2711 ‚
1240 2663 1344 2718 quod
1355 2661 1532 2706 σύλαιθαι
1546 2691 1558 2708 ,
1576 2661 1649 2702 hoc
1659 2660 1733 2711 est,

919 2723 1034 2776 abripi
1049 2722 1172 2762 nullus
1185 2721 1277 2761 inde
1291 2732 1442 2774 poterat
1456 2748 1467 2766 ‚
1480 2720 1540 2759 vel
1553 2720 1654 2773 quod
1669 2718 1734 2758 fu-

920 2780 1043 2834 gienti
1068 2780 1158 2820 illuc
1188 2776 1304 2831 spolia
1330 2790 1411 2817 non
1427 2775 1733 2817 detraherentur:

922 2835 1029 2888 σόλῳ
1056 2838 1164 2876 enim
1182 2840 1310 2875 Graece
1323 2847 1388 2875 aut
1392 2838 1496 2886 furta
1510 2861 1523 2878 ,
1549 2845 1615 2873 aut
1623 2836 1734 2889 spolia

922 2894 1116 2934 dicuntur.
1145 2897 1229 2932 Hoc
1241 2903 1369 2933 autem
1384 2904 1466 2931 non
1480 2888 1533 2930 est
1548 2891 1588 2931 in
1604 2890 1736 2931 omni-

924 2951 993 2991 bus
1007 2951 1164 3004 templis
1178 2979 1188 2988 .
1205 2949 1272 2990 nisi
1286 2948 1423 3004 quibus
1432 2944 1737 2989 consecrationis

926 3010 1015 3061 lege
1023 3004 1239 3048 concessum
1252 3006 1315 3046 est.
1349 3007 1480 3047 Primo
1492 3014 1622 3046 autem
1636 3003 1736 3058 apud

932 3062 1188 3106 Athenienses
1220 3063 1402 3104 statutum
1427 3062 1480 3104 est
1508 3060 1556 3103 ab
1569 3063 1744 3102 Herculis

933 3121 1026 3163 filiis
1039 3151 1051 3172 ,
1068 3135 1163 3180 quos
1176 3118 1474 3175 insequebantur
1488 3120 1514 3162 ii
1528 3148 1541 3170 ,
1555 3120 1618 3176 qui
1634 3128 1745 3160 erant

1250 3182 1287 3219 G
1299 3192 1323 3234 g
1350 3192 1376 3229 4
1615 3173 1638 3217 ὲ
1650 3188 1756 3232 patre
