2037 3787
456 166 921 224 AEut-:rnos

1006 164 1176 222 Lm.
1219 158 1313 222 ΙΙ.1
1620 181 1728 239 303

136 331 141 336 ,
183 276 302 329 Pars
320 263 484 344 stupet
500 266 725 342 innuptae
742 262 937 320 donum
957 263 1156 319 exitiale
1174 261 1428 319 Minervae
1441 297 1460 325 ‚

175 355 244 410 Et
261 351 457 406 molem
477 348 726 405 mirantur
741 346 887 425 equi:

924 344 1215 424 primusque
1232 341 1559 435 Thymoetes

176 433 317 491 Duci
332 433 462 487 intra
476 452 650 489 muros
671 428 929 492 hortatur,
970 435 1023 486 ὃ(
1042 448 1156 484 arce
1172 428 1331 484 locari
1354 446 1371 490 ;

183 517 301 573 Sive
318 513 444 570 dolo
461 553 477 579 ‚
516 510 602 569 seu
617 514 720 587 jam
739 514 921 587 Trojae
938 510 1003 567 fic
1020 508 1119 567 fata
1132 506 1382 568 ferebant.

109 619 169 677 35
190 603 265 656 At
285 599 460 675 Capys
473 633 491 662 ‚
527 603 580 654 &
598 616 818 675 quorum
834 594 1019 652 melior
1032 591 1280 651 sententia
1294 590 1460 650 menti
1476 628 1494 657 ‚

53 762 134 802 vius
147 761 193 801 ad
207 761 379 817 equitum
393 773 537 801 turmas
551 758 666 801 refert
681 774 690 799 ε
706 762 745 801 &
758 763 856 800 Tur-

1615 677 1735 734 Aut*

902 756 947 798 fit
958 756 1094 798 occidi.
1114 756 1212 797 Inde
1224 767 1316 811 ergo
1330 769 1432 798 nunc
1442 756 1556 806 dicit,
1564 756 1646 809 five
1657 758 1702 798 do
1712 780 1722 787 ·

55 818 174 859 nebus
200 820 327 873 claffi’s
353 819 412 858 hic
439 819 486 858 de
509 819 675 858 exercitu
697 815 856 871 pedestri
901 818 958 855 lo.-
976 815 1062 869 quia
1074 813 1356 864 habuitiustam
1367 811 1516 854 causam
1530 814 1726 867 proditio-

53 876 179 928 potius
194 903 205 922 ,
232 888 344 931 quam
367 875 416 915 de
430 877 555 916 navali
569 877 856 929 interpretatur:

53 930 121 974 lib.
139 933 209 979 26,
227 947 287 974 22.
320 936 462 973 Taubm.

111 989 315 1043 Classibus.]
331 993 511 1029 Errorem
523 987 606 1027 Titi
621 987 716 1028 Livii
731 984 859 1026 osten-

53 1043 112 1084 dit
137 1049 288 1099 Tanaq.
311 1045 428 1086 I-aber
451 1045 567 1098 Epist.
585 1058 651 1092 4⁷·
678 1045 743 1099 qui
774 1055 856 1082 non

55 1102 151 1142 vidit
173 1106 290 1157 classis
315 1103 357 1143 in
387 1115 558 1144 veterum
593 1099 858 1141 historicorum

53 1155 200 1211 scriptis
212 1173 281 1214 pro
292 1162 466 1214 equitibus
481 1156 590 1199 sumi.
619 1159 823 1211 Emmeneffi

108 1218 316 1269 Hicacies]
345 1217 625 1257 Hicexercitus.
654 1219 735 1254 Huc
749 1215 860 1270 gemi-

58 1288 122 1312 nas
145 1289 236 1313 nunc
249 1274 356 1326 fleHe
380 1277 485 1313 acies.
523 1271 681 1326 Legitur
707 1273 747 1312 ὃς
770 1273 858 1310 acie.

58 1331 158 1368 Nam
171 1329 292 1383 potest
305 1342 519 1384 utrumque.
550 1332 708 1368 Servius.

110 1389 181 1425 Hic
202 1389 275 1427 acie
296 1398 433 1427 certare
447 1385 640 1439 silebant]
672 1388 762 1425 Non
786 1380 862 1424 dis-

54 1441 196 1499 plicet,
220 1443 323 1497 quod
344 1444 387 1485 in
413 1447 598 1483 Romano
610 1442 766 1488 codice,
790 1444 862 1481 acie

55 1510 191 1539 certare
205 1499 366 1553 filelmni¹
399 1500 565 1552 legitur:
602 1512 682 1554 qux
705 1497 860 1553 quidem

54 1554 224 1596 elocutio
246 1557 344 1610 apud
364 1555 552 1597 cael‘arem
563 1553 864 1610 frequentissima

54 1611 109 1651 est
127 1639 139 1659 ,
158 1612 262 1653 ficuti
285 1613 383 1667 apud
405 1613 561 1656 Livium
584 1615 658 1653 acie
670 1612 863 1667 confltgere,

55 1679 98 1708 ut
121 1668 386 1711 obiterlocum
396 1669 494 1724 apud
507 1683 595 1710 eum
610 1682 653 1710 ex
668 1671 785 1710 veteri
797 1682 861 1709 co-

55 1725 141 1766 dice
162 1725 477 1781 recognoscamus
498 1725 568 1767 lib.
587 1740 623 1780 3.
649 1726 698 1766 de
724 1741 759 1768 2.
785 1725 860 1767 bel.

56 1787 151 1824 Pun.
158 1799 232 1824 cum
241 1787 308 1838 [ἐκ
318 1785 549 1838 considat-ibus
559 1785 780 1825 exercitibus
790 1787 864 1824 acie

55 1840 256 1896 conflixiffl’.
285 1842 478 1896 legitur&
493 1847 595 1882 acies.
625 1842 781 1882 Pierius.

115 1910 134 1953 3
149 1911 178 1936 t.
211 1900 338 1951 Pam]
363 1899 552 1954 Figurate,
565 1909 626 1948 ut,
639 1906 732 1939 Pars
741 1901 865 1951 infru-

49 1951 248 2009 stasecemt.
280 1955 440 1998 Servius.

140 2014 343 2066 Innuptae.]
386 2013 480 2068 Qae
508 2023 706 2066 nunquam
737 2009 862 2052 nubit.

61 2068 161 2108 Nam
176 2069 283 2122 virgo
294 2068 418 2123 potest
431 2071 471 2110 &
486 2068 642 2109 nubere.
677 2068 791 2110 Idem.

120 2126 325 2181 Parsstupet
336 2155 349 2174 ,
363 2128 469 2180 φα]
494 2125 739 2166 Mirabantur
750 2125 867 2180 aliqui

63 2179 104 2218 ὅ(
119 2177 369 2224 subtilitatem
382 2183 488 2229 artis,
503 2185 542 2222 &
555 2182 703 2224 fabricae
716 2183 860 2237 magni·

61 2235 255 2279 tudinem.
285 2247 441 2294 Innupta
456 2251 586 2280 autem
599 2244 788 2288 Minerva,
800 2253 869 2280 vo-

58 2304 262 2350 catur,quae
277 2309 473 2352 nunquam
487 2296 667 2337 nubit2ita
682 2298 721 2336 δε
738 2296 869 2349 Daph-

63 2361 142 2390 nen
166 2351 442 2405 ᾰπειᾶόμμον,
452 2351 631 2403 ἅνυμφον,
652 2352 868 2407 φρυψᾶἕμ-

65 2420 161 2453 νων,
188 2408 425 2464 ἀνυμξύααον,
452 2407 614 2465 ligentur,
644 2411 867 2451 nominant.

61 2464 209 2505 Taubm.

120 2523 298 2575 Donum-J
317 2522 479 2572 Α’μφιβο
488 2523 569 2572 xla,
585 2536 667 2563 non
680 2522 783 2579 quod
796 2521 872 2576 ipsa

65 2575 174 2619 dedit
187 2608 199 2626 ,
215 2578 251 2620 se
263 2580 365 2636 quod
380 2581 414 2620 ei
428 2581 603 2621 oblatum
617 2581 682 2620 est.
711 2585 869 2621 Servius.
886 2578 888 2580 ’

90 2638 321 2730 ἄξκὶιίαἱρ.]
366 2638 564 2695 Qantum
589 2638 638 2678 ad
662 2640 873 2689 Troianos.

66 2696 88 2732 1
117 2708 183 2733 em.

121 2761 187 2800 32.
217 2753 421 2808 Primufijue
444 2751 689 2807 Thymoeten]
721 2757 776 2794 Ut
802 2757 871 2794 Eu-

903 872 979 911 nis.
1013 870 1095 912 Alii
1107 871 1246 914 volunt
1257 875 1342 910 Dolo
1355 898 1367 917 ‚
1396 869 1539 910 scilicet
1569 875 1727 912 Gtaeco-

905 940 989 968 rum
1006 955 1020 974 ,
1044 941 1122 982 quo
1145 940 1286 967 omnes
1308 928 1459 980 decepti
1473 925 1572 968 sunt.
1601 929 1722 969 Idem.

961 987 1167 1040 Primusque
1190 985 1727 1039 Thymoetes.]HuncTymoetm

907 1046 1099 1082 Homerus
1132 1040 1253 1082 etiam
1283 1041 1396 1081 Iliad.
1425 1054 1464 1093 3.
1490 1042 1594 1081 inter
1617 1040 1729 1083 senes

905 1110 992 1138 cum
1018 1099 1171 1138 Priamo
1195 1099 1239 1137 in
1253 1098 1360 1138 Scaeis
1373 1097 1492 1151 porris
1504 1097 1724 1146 sedentem,

906 1168 948 1194 ac
976 1169 1142 1209 pugnam
1155 1154 1392 1207 spestantem
1404 1153 1505 1194 facit.
1539 1156 1728 1197 Fuithuic

909 1216 1014 1252 Uxor
1041 1213 1102 1265 (ut
1127 1211 1351 1252 scholiastes
1372 1210 1644 1265 Lycophronis
1655 1226 1731 1254 an-

909 1269 1039 1323 notat)
1066 1269 1160 1310 cilla
1186 1268 1383 1317 nomine,
1412 1265 1524 1308 soror
1549 1268 1729 1310 Hecubae:

907 1337 1021 1381 atque
1056 1325 1153 1366 hanc
1177 1323 1297 1379 ipsam
1319 1324 1477 1366 tradunt
1500 1340 1544 1366 ex
1571 1327 1728 1366 Priamo

908 1382 1148 1424 clandestino
1171 1385 1277 1422 coitu
1288 1382 1411 1423 filium
1425 1380 1615 1435 suscepisse
1629 1412 1641 1430 ,
1666 1385 1731 1426 cui

910 1454 1059 1481 nomen
1094 1441 1287 1494 Munippo
1314 1440 1485 1480 inditum
1509 1439 1566 1479 fit.
1612 1445 1731 1482 Forte

907 1498 1070 1543 accidit,
1095 1509 1138 1537 ut
1164 1499 1361 1546 Priamus,
1387 1497 1436 1537 de
1448 1498 1558 1550 regni
1573 1497 1729 1540 statum

908 1555 1014 1595 Zelia
1032 1556 1241 1595 oraculum
1253 1552 1485 1601 consulens,
1502 1552 1730 1606 responsum

907 1613 1109 1664 acciperet,
1121 1623 1164 1651 ut
1177 1623 1375 1664 parentem
1389 1640 1400 1658 ,
1420 1611 1460 1651 id
1473 1610 1541 1657 est,
1557 1624 1728 1653 matrem

911 1669 951 1708 ὃ(
962 1668 1086 1708 filium
1100 1669 1356 1709 interimeret.
1374 1667 1520 1724 Qare,
1530 1681 1618 1708 cum
1634 1682 1733 1723 quof

909 1725 998 1765 dam
1024 1723 1108 1766 casu
1133 1727 1332 1772 eveniret,
1359 1736 1402 1765 ut
1426 1724 1732 1778 fimulparerent

911 1782 1064 1824 Hecuba
1080 1785 1119 1823 δε
1135 1783 1264 1831 Cilla3
1290 1783 1365 1822 haec
1376 1783 1608 1836 Munippum
1625 1811 1639 1830 ‚
1664 1785 1734 1823 illa

911 1853 1003 1880 vero
1017 1840 1280 1881 Alexandrum
1297 1859 1306 1889 ς
1329 1840 1495 1893 pepercit
1509 1840 1670 1880 Hecubae
1685 1843 1730 1881 Ec

910 1897 1474 1946 AlexandroPriamu53Cillain
1487 1910 1580 1937 vero
1592 1911 1679 1937 cum
1689 1897 1740 1937 fi-

907 1955 965 1994 lio
979 1954 1175 1995 interfecit
1192 1955 1294 1995 Hinc
1306 1967 1400 2008 ergo
1411 1956 1616 2008 liquet,cur
1630 1968 1736 1995 nune

909 2015 1027 2053 Poe'ta
1038 2012 1230 2064 dicar,five
1243 2012 1438 2066 dolosquiaj
1444 2010 1564 2051 ustam
1574 2009 1740 2053 cauffam

911 2070 1146 2121 proditionis
1160 2069 1507 2123 habeteTymoetes
1519 2068 1735 2110 videbatur.

915 2127 1042 2167 Doste
1074 2127 1191 2181 igitur
1228 2126 1466 2167 hortationis
1493 2138 1621 2179 partes
1645 2126 1734 2167 huie

914 2183 1135 2230 tribuuntur
1145 2213 1157 2230 ‚
1174 2195 1217 2225 ut
1229 2183 1312 2224 doli
1324 2180 1494 2230 conscio,
1508 2183 1556 2222 ad
1568 2182 1731 2237 stirpem

914 2241 1055 2281 Priami
1071 2240 1288 2282 delendam.
1308 2242 1391 2283 Alii
1403 2242 1476 2281 dolo
1488 2241 1641 2289 volunt,
1656 2254 1737 2295 quo

914 2310 1054 2337 omnes
1075 2298 1224 2351 decepti
1237 2296 1336 2338 sunt.
1366 2298 1472 2353 quod
1499 2308 1632 2338 tamen
1659 2299 1738 2339 rni-

915 2368 987 2395 nus
998 2356 1123 2408 placet
1137 2353 1428 2396 Nascimbaenio.
1464 2356 1605 2395 Timbm.
1713 2356 1716 2359 ’

973 2423 1036 2464 33.
1068 2413 1329 2464 Arcetocari]
1358 2412 1472 2454 Velut
1484 2423 1675 2458 tutamen,
1693 2413 1735 2452 δε

918 2481 1001 2508 non
1014 2466 1196 2509 incassum
1206 2470 1302 2509 arcis
1315 2470 1494 2516 Troianae
1508 2481 1625 2523 prope
1637 2471 1740 2509 mul-

918 2525 968 2564 tis
993 2526 1089 2565 locis
1113 2525 1264 2567 mentio
1287 2525 1343 2566 fit.
1378 2529 1426 2564 In
1454 2525 1521 2564 hac
1532 2526 1640 2565 enim
1653 2539 1740 2566 arce.

920 2581 1143 2630 hujusmodi
1166 2581 1296 2624 saxum
1317 2580 1428 2623 fuisse
1440 2583 1580 2622 dicitur
1595 2612 1606 2629 ‚
1631 2582 1738 2638 quod

921 2638 989 2680 abs
1013 2639 1091 2680 alio
1115 2641 1327 2681 contritum
1342 2669 1354 2687 ,
1379 2637 1606 2693 sanguinem
1620 2640 1741 2680 emit-

921 2707 1020 2738 teret
1031 2726 1045 2745 ,
1059 2709 1172 2753 atque
1183 2698 1387 2743 Helenam,
1399 2696 1445 2736 ad
1461 2697 1681 2738 incitandos
1695 2698 1739 2738 in

920 2751 957 2794 se
970 2754 1277 2809 amatore3,saepe
1290 2768 1335 2795 ex
1346 2754 1419 2794 hoc
1431 2751 1517 2794 saxo
1529 2755 1671 2810 lapillis
1683 2754 1743 2795 uti

63 2802 230 2858 phorion
241 2808 335 2848 dicit
346 2837 361 2858 ,
374 2811 533 2850 Priamus
545 2826 592 2849 ex
605 2810 875 2860 ²Arisbafilium
919 2809 1029 2853 fuiffe
1039 2808 1211 2857 solitam„
1241 2815 1399 2853 Servius.

66 2864 185 2903 vatem
200 2866 361 2921 fifi‘pi‘·
391 2866 469 2922 Qi
495 2879 583 2907 cum
608 2864 756 2907 dixisset
780 2880 874 2922 qua-

986 2883 1048 2924 34.
1082 2873 1140 2910 Sic
1155 2874 1243 2922 fata
1252 2868 1456 2921 ferebant]
1485 2872 1541 2909 Ut
1553 2867 1672 2907 etiam
1685 2868 1743 2908 ci-

64 2916 155 2959 dam
191 2919 254 2961 die
290 2919 388 2962 nasci
419 2934 584 2978 ,puerum
611 2951 628 2973 ,
662 2938 728 2978 per
759 2938 873 2980 quem
925 2927 1317 2981 vescontxapatriam
1330 2925 1535 2966 sentirent.
1568 2925 1685 2965 Idem.

64 2977 184 3026 Troia
213 2976 331 3031 poffet
357 2992 556 3022 corruere:
582 2994 813 3035 pepererunt
834 2981 877 3022 13-

985 2999 1047 3036 35.
1083 2985 1140 3024 At
1152 2985 1306 3039 Capyn]
1337 2983 1526 3041 Qidam:
1541 2995 1622 3022 non
1635 2995 1745 3035 pater

67 3034 148 3072 mul
188 3034 229 3075 δε
257 3036 483 3092 Thymoetia
504 3051 601 3079 uxor
631 3040 672 3079 δι
698 3036 876 3087 Hecuba,
927 3038 1116 3081 Anchisae.
1158 3045 1206 3081 Et
1218 3041 1320 3081 bene
1334 3054 1403 3081 nec
1416 3037 1481 3087 se,
1509 3052 1579 3080 nec
1595 3052 1743 3092 patrem

63 3101 143 3143 quae
158 3091 296 3132 Priami
332 3095 506 3146 legitima
544 3107 638 3136 erat.
682 3096 754 3136 Sed
774 3097 878 3136 Pria·
928 3097 1015 3137 huic
1026 3097 1191 3139 consilio
1203 3097 1298 3139 dicit
1312 3094 1540 3145 inter'fisiss‘e,
1563 3110 1628 3150 per
1641 3096 1745 3153 quod

66 3157 152 3189 mus
167 3147 398 3205 Thymoetiae
410 3151 535 3194 filium
549 3166 784 3210 uxoremque
796 3151 878 3208 jus»
924 3155 1106 3207 interitus
1115 3157 1246 3212 patriae
1256 3154 1747 3210 imminebar.Qanquam

1601 3216 1747 3255 AEneas
