2037 3787
370 117 836 176 AENEIDOS
920 116 1239 177 L1n.V1.
1527 132 1651 201 959

85 217 346 279 Invalidus
364 259 380 285 ‚
415 222 546 277 vires
564 221 694 276 ultra
710 218 1006 297 sortemque
1023 215 1262 275 senec'tae.

8 303 220 386 15Qin
236 340 252 367 ‚
287 320 341 359 ut
358 320 410 359 te
427 300 638 380 supplex
658 319 890 381 peterem
910 339 927 366 ‚
962 309 1015 360 ὃς
1033 318 1118 357 tua
1136 301 1314 358 limina
1331 297 1526 362 adirem
1543 341 1565 372 ,

88 386 238 443 Idem
255 406 408 441 orans
429 384 669 441 mandata
687 383 856 442 dabat.
903 385 1110 463 natique
1127 381 1382 465 patrisque
1401 424 1420 452 ‚

85 470 246 528 Alma
260 506 278 532 ‚
307 488 491 545 precor
506 507 522 532 ,
559 465 817 527 miserere.
850 483 999 544 potes
1016 487 1240 546 namque
1257 468 1464 529 omnia:
1485 487 1580 529 nec
1596 486 1653 550 tq

85 551 455 629 Nequicquam
475 551 599 607 lucis
616 554 819 607 Hecate
838 546 1065 627 praefecit
1082 550 1329 611 AverniS.

89 634 140 690 Si
155 634 322 712 potuit
339 633 512 691 Manis
533 630 774 691 arceffere
793 633 1028 712 conjugis
1049 631 1299 710 Orpheus

1437 714 1647 779 Threi-

0 821 198 876 mperfesto
221 821 303 865 usus
317 824 369 864 est
384 836 558 880 tempore
573 854 586 873 ,
611 838 654 865 ac
666 824 692 865 si
703 824 766 865 di-
818 822 907 863 data
922 835 1006 863 non
1023 836 1111 864 eam
1128 824 1209 864 vim
1221 824 1409 874 inferunt,
1424 840 1539 882 quam
1554 842 1648 882 prae-

0 892 60 921 :ret
74 909 85 927 ‚
98 881 220 921 adhuc
232 881 256 922 fi
271 884 411 922 viveret
424 882 552 923 ferret.
582 886 738 924 Servius.
816 893 940 933 cepta3
955 883 1037 920 imo
1051 879 1246 933 saepiffime
1261 886 1468 924 continent
1482 888 1649 927 manda-

17 951 107 988 ¹14·
150 940 351 978 rnvalz'dm.
373 943 386 991 ]
434 940 563 992 Eurip.
609 939 768 994 φρὲὣῶ
819 950 857 976 ta
888 939 1084 977 tationem
1100 938 1382 979 benevolentiae
1397 943 1437 981 δε
1451 941 1644 998 obsequii.

0 994 142 1037 aivac.
171 994 230 1034 Sic
256 996 393 1036 calab.
411 997 457 1036 de
472 996 629 1037 Nestore
642 997 767 1037 filium
820 995 906 1034 Cic.
919 995 967 1034 ad
981 995 1151 1047 QFrat.
1182 1008 1246 1037 tua
1275 998 1450 1037 mandata
1463 1003 1651 1055 perftquor

0 1055 214 1092 Memnone
228 1051 359 1093 caesurn
374 1051 498 1093 ulcisci
511 1055 772 1108 aggrediente:
816 1051 1022 1107 diligenter.
1039 1051 1149 1092 Abfit
1165 1063 1205 1093 ut
1219 1052 1391 1106 Quintus
1407 1056 1538 1096 Marco
1553 1071 1650 1110 prae·

0 1109 61 1154 σοι’,
75 1106 119 1162 ἐέρ
133 1109 246 1150 αὑτὸν
259 1109 397 1153 numi&
411 1110 670 1164 Ἀππφθιμίζύοιο
696 1126 770 1150 πο-
819 1108 963 1161 ciperet
988 1106 1147 1151 seniori.
1174 1114 1309 1165 Itaque
1323 1110 1424 1152 bene
1437 1116 1645 1159 coniunxit

6 1187 8 1191 ·
31 1166 119 1207 ποτὶ
140 1165 272 1218 μῶλον
298 1166 433 1220 dysme
455 1168 534 1223 πὲρ
571 1166 768 1221 ὣωέοιμιν.
824 1168 943 1206 Poeta
966 1181 1072 1207 orans
1096 1167 1271 1208 mandata
1284 1167 1411 1208 dabat.
1443 1172 1646 1221 Praererea,

0 1238 174 1264 mmmmm.
821 1221 886 1277 qui
899 1234 1049 1276 poterat
1061 1235 1166 1277 pater
1178 1224 1263 1264 filio
1276 1226 1478 1278 praecipere
1497 1255 1509 1272 ‚
1522 1239 1566 1268 ut
1576 1228 1647 1268 ad·

16 1284 124 1322 Vires
136 1285 231 1320 ultra
243 1280 636 1336 sbrtemquesbneblae]
666 1281 771 1337 Qia
825 1281 899 1320 iret
914 1279 1089 1321 infernos
1105 1310 1116 1328 ,
1142 1281 1244 1336 quod
1259 1282 1301 1322 in
1314 1281 1386 1322 filii
1400 1280 1588 1336 potestate
1598 1285 1647 1325 fi-

0 1339 123 1379 anestae
146 1336 227 1377 sors
262 1338 316 1378 est
341 1341 448 1393 quies
477 1340 518 1378 δε
532 1340 657 1380 otium
675 1354 686 1378 z
708 1340 776 1379 fic·
819 1348 905 1377 tum
923 1351 1004 1378 non
1018 1338 1205 1381 exarescio
1220 1339 1294 1380 hoc
1304 1350 1521 1383 extremum
1535 1340 1642 1397 poffi:

0 1396 212 1448 npueritiae‚
235 1395 371 1436 ludus:
397 1408 522 1443 amor,
552 1395 776 1437 adolescen·
819 1395 934 1435 eludi.
969 1396 1099 1437 cerda.

6 1464 60 1494 :22
73 1452 243 1492 ambitus
255 1479 271 1501 ,
297 1453 478 1502 juvenilis
504 1455 637 1494 aetatis.
668 1458 772 1509 Ergo
877 1454 1087 1508 Natique]
1125 1458 1172 1494 In
1195 1451 1482 1509 antiquioribus
1508 1468 1643 1497 exem-

0 1508 60 1549 lud
83 1508 229 1549 ferebat
254 1521 389 1563 pater,
415 1523 533 1566 quam
557 1508 636 1551 sors
648 1512 772 1567 exige-
825 1509 1022 1562 plaribus,
1046 1514 1155 1567 gnati
1181 1538 1194 1557 ,
1231 1511 1336 1564 quod
1359 1514 1544 1553 nonnulli
1571 1513 1644 1554 alii

12 1575 27 1605 t
37 1563 218 1607 senestae.v
237 1571 391 1607 Servius.
822 1578 997 1620 corrupte
1006 1571 1124 1623 geniti
1132 1565 1321 1621 scripsere.
1351 1567 1500 1610 Probus
1511 1581 1643 1612 autem

18 1636 35 1664 ι
49 1637 110 1676 15·
143 1630 190 1666 Ut
213 1635 248 1663 te
263 1626 333 1678 fiap
357 1627 417 1663 lex
435 1636 612 1680 peterem,
640 1630 768 1671 &tua
825 1625 996 1666 valerius
1012 1627 1086 1666 hoc
1095 1625 1216 1666 citato
1228 1628 1317 1666 loco
1341 1625 1643 1679 Metaplasmum

6 1682 85 1720 aina
96 1680 236 1721 adirem
248 1708 266 1730 ‚
293 1688 312 1720 1
328 1678 395 1721 vem
407 1697 512 1722 orans
524 1682 698 1724 mandata
709 1683 780 1722 cla-
824 1679 899 1721 effe
909 1683 965 1722 ait
981 1710 995 1730 ‚
1023 1681 1136 1731 290oe*
1148 1680 1346 1731 πύθευ-ιν.
1373 1683 1503 1737 Qare
1526 1688 1643 1726 Gnati

7 1737 56 1788 n]
99 1741 148 1777 In
173 1735 359 1792 plerisque
388 1737 575 1780 omnibus
599 1741 773 1795 antiquis
824 1736 1068 1781 scribendum
1083 1769 1098 1790 ,
1122 1751 1165 1781 ut
1189 1741 1311 1781 etiam
1322 1740 1367 1781 in
1379 1740 1559 1783 Mediceo
1571 1756 1641 1785 co-

0 1795 239 1847 =emplaribus
253 1822 268 1842 ,
291 1796 395 1835 inter
409 1795 484 1836 haec
498 1795 674 1837 membra
688 1811 771 1837 non
826 1796 910 1838 dice
923 1796 1098 1839 habetur.
1128 1800 1285 1838 Pierius.

0 1849 121 1893 *betur
144 1859 197 1898 &¹
224 1852 440 1905 copulativa
478 1854 660 1907 particula
676 1881 689 1901 ,
720 1861 772 1899 &
893 1855 980 1896 118.
1001 1856 1102 1895 Lucis
1119 1856 1422 1910 Hecate-praeficit
1433 1856 1650 1911 arvernis]

0 1920 55 1949 nm
76 1925 182 1950 orans
205 1911 308 1950 varie
320 1910 474 1964 legitur.
507 1913 608 1951 Nam
620 1910 775 1952 codices
828 1915 968 1952 Hecate
989 1912 1110 1952 trium
1134 1910 1368 1965 potestatum
1398 1925 1548 1953 nomen
1574 1913 1644 1954 est.

0 1967 146 2007 annulli
156 1966 403 2008 idmemorans
414 1967 548 2020 legunt
559 1997 571 2016 ,
587 1968 692 2024 quod
705 1968 778 2009 hoc
809 1994 811 1996 —
829 1965 914 2021 Ipsa
925 1968 977 2008 est
992 1970 1100 2009 enim
1114 1972 1223 2009 Luna
1237 1997 1249 2013 ‚
1263 1970 1392 2009 Diana
1406 1996 1421 2017 ,
1453 1968 1650 2025 Proserpi·-

0 2032 54 2063 rco
79 2023 180 2063 mihi
204 2023 356 2064 videtur
379 2023 563 2066 otiosum.
596 2026 680 2066 Alii
694 2027 778 2081 qui·
829 2038 889 2065 na.
919 2024 983 2066 sed
1010 2023 1131 2066 solam
1147 2023 1413 2079 Proserpinam
1427 2025 1552 2067 dicere
1566 2041 1652 2071 non

0 2091 54 2120 tm
77 2080 119 2119 id
132 2096 317 2121 meorum.
347 2080 569 2135 Undeputo
581 2094 647 2135 per
660 2082 778 2124 libra·
827 2083 981 2135 potuit,
1012 2094 1168 2137 propter
1179 2085 1300 2131 lucos,
1321 2084 1386 2138 qui
1401 2084 1537 2124 Dianae
1548 2083 1654 2127 sunt.

0 2149 113 2177 orum
136 2135 330 2178 inscitiam
355 2137 452 2178 illud
467 2165 480 2184 ,
514 2139 557 2178 id
581 2155 777 2181 memorans
832 2144 933 2178 Item
949 2140 1120 2180 Dianam
1135 2169 1148 2187 ‚
1175 2141 1264 2195 quia
1279 2142 1454 2183 ‚avernis
1465 2141 1533 2181 ait.
1563 2147 1653 2184 Un-

0 2191 169 2236 nanaffe.
199 2194 303 2234 Mihi
329 2207 419 2234 vero
442 2205 523 2234 tam
551 2197 702 2252 vulgata
727 2198 782 2237 le·
829 2195 878 2235 de
889 2197 1006 2250 elegit
1018 2198 1238 2243 nomen,in
1250 2209 1327 2251 quo
1339 2208 1530 2252 utrunque
1552 2211 1652 2240 con·

0 2252 158 2293 aoidem
170 2268 275 2292 orans
288 2281 300 2299 ,
316 2265 431 2306 quam
445 2253 605 2309 antiqua
617 2266 661 2293 ea
674 2253 716 2294 id
729 2270 783 2295 me
830 2251 966 2293 stabat.
1010 2253 1128 2294 Unde
1150 2258 1328 2295 Lucanus
1348 2253 1397 2293 de
1421 2253 1651 2308 Proserpina

0 2324 67 2351 uns
77 2306 320 2362 summopere
332 2307 524 2350 satisfacit.
560 2313 725 2352 Pierius.
829 2311 883 2350 ait
895 2339 909 2358 ,
941 2315 1078 2351 Hecate
1087 2313 1308 2366 parsultima
1320 2310 1448 2366 nostrae.
1482 2313 1651 2355 servius.

0 2366 120 2419 §21'16.
152 2375 266 2408 orans
278 2367 449 2408 mandata
466 2367 616 2420 dabat]
648 2368 708 2408 Sic
720 2366 781 2409 di·-
886 2369 1060 2420 Hecaten]
1089 2367 1170 2409 Adi
1193 2368 1366 2415 Liliun1‚
1399 2369 1441 2408 &
1467 2371 1649 2412 Natalem

0 2423 73 2464 nim
94 2423 148 2465 est
163 2451 180 2473 ‚
204 2434 247 2465 ut
260 2452 274 2472 ,
311 2430 355 2465 Ec
370 2427 523 2480 supplex
545 2436 610 2465 tua
633 2429 781 2466 numina
829 2422 942 2479 lib.3.
958 2437 1018 2466 c.r
1029 2439 1063 2478 ς.
1079 2423 1189 2480 Qid
1203 2425 1280 2466 illis
1293 2424 1433 2465 addam
1448 2425 1496 2465 ad
1507 2428 1651 2481 cogni-'-

0 2481 68 2529 ψη,
95 2483 227 2531 Maior
239 2481 349 2521 enim
363 2481 410 2522 ad
423 2482 714 2533 impetrandum
729 2483 784 2523 vis
832 2483 986 2523 tionem
998 2481 1108 2531 huius
1122 2481 1332 2531 Deae‚nihil
1344 2481 1485 2523 habeo.
1519 2484 1654 2527 cerda.

0 2540 120 2580 teum
131 2551 269 2594 rogare
281 2566 298 2588 ,
323 2539 388 2596 qui
401 2537 515 2594 possit
528 2537 671 2591 jubere.
706 2546 780 2582 Ser·
894 2553 912 2582 1
922 2553 981 2594 19.
1014 2542 1054 2579 Si
1060 2543 1175 2595 potuit
1188 2539 1350 2592 Manis]
1365 2540 1510 2581 Nititur
1522 2554 1656 2582 exem-

0 2596 61 2642 ἐσμ.
834 2596 910 2650 plis⁴
923 2625 935 2642 ‚
966 2610 1047 2652 quae
1069 2595 1256 2638 inferiora
1279 2594 1365 2637 sunt
1379 2610 1443 2650 per
1453 2611 1657 2653 compara-

0 2652 209 2694 mactandam
231 2651 380 2705 daban]
409 2656 466 2693 ut
480 2680 491 2698 ,
522 2658 602 2696 Huc
623 2652 716 2704 calla
728 2656 786 2694 Si·
835 2655 1014 2694 tionem:
1043 2666 1088 2695 ut
1110 2652 1189 2708 ipse
1212 2654 1528 2704 videaturjustius
1553 2658 1656 2696 velle

0 2705 269 2766 WavNigrarum
278 2713 384 2750 multo
391 2709 564 2766 pecudum
588 2723 625 2752 te
636 2713 787 2769 fimgni-
836 2711 1078 2752 descendere.
1113 2714 1214 2752 Nam
1227 2711 1405 2766 Orpheus
1414 2725 1590 2754 revocare
1601 2711 1657 2754 est

0 2765 150 2813 educet.
182 2766 311 2807 Idem.
839 2781 1001 2809 conatus
1035 2782 1222 2810 uxorem:
1255 2769 1316 2810 bic
1329 2770 1409 2811 vult
1421 2782 1575 2818 tantum
1588 2783 1662 2824 pa·

2 2828 148 2865 forans
171 2824 349 2865 mandat-a
373 2822 534 2876 daban]
571 2828 656 2865 Hoc
679 2837 808 2880 argu(
837 2837 937 2867 trem
950 2826 1090 2867 videre.
1112 2826 1289 2881 Orpheus
1302 2837 1431 2867 autem
1445 2828 1663 2883 voluitqui-

0 2890 155 2921 uentum
179 2878 515 2921 adr-neceffitarem
553 2883 793 2923 contrudunt
844 2882 1001 2925 busdam
1027 2884 1267 2925 carminibus
1293 2885 1469 2926 reducere
1483 2886 1660 2932 animam

0 2935 94 2992 niqui
109 2951 221 2983 3cum
235 2937 403 2991 respectu
417 2939 466 2976 ad
478 2950 521 2977 ea
535 2967 547 2986 ,
562 2952 643 2993 quae
656 2937 792 2994 scripta
843 2942 1021 2996 coniugis
1037 2955 1047 2979 ε
1072 2942 1177 2996 quod
1190 2942 1280 2996 quia
1291 2943 1454 2996 implere
1481 2955 1565 2984 non
1591 2955 1662 2996 po-

0 2994 161 3035 orutz-lib.
180 3010 214 3044 5.
249 2996 391 3049 &quia
406 2995 466 3034 hic
478 2997 646 3037 mandata
658 2997 792 3037 dicun-
848 2999 922 3039 tuit
938 3027 951 3046 ,
982 2997 1004 3039 a
1028 3001 1155 3052 poetis
1180 2999 1339 3050 fingitur
1365 2999 1558 3054 receptam
1583 3002 1664 3050 iam

0 3062 73 3104 rt,
100 3051 237 3106 quibus
251 3065 291 3093 ut
303 3052 405 3092 filius
418 3065 547 3105 pareat
560 3051 704 3094 necesse
729 3054 795 3095 est.
845 3057 1055 3109 conjugem
1071 3053 1269 3110 perdidisse
1281 3084 1293 3103 ,
1320 3056 1414 3098 dura
1437 3059 1521 3112 lege
1535 3058 1667 3097 Pluto·

0 3118 64 3164 rgo
74 3109 122 3151 ad
135 3109 377 3152 honestatem
391 3111 561 3159 traduco,
577 3110 663 3167 quia
677 3124 790 3154 man·
853 3113 933 3154 nis.
964 3113 1070 3169 quod
1086 3115 1205 3155 etiam
1218 3114 1404 3169 Virgilius
1417 3114 1669 3163 ostendit,di-

1547 3171 1676 3212 tendo
