2037 3787
471 129 938 189 AEusstnos

1023 124 1195 183 Lm.
1239 125 1334 184 11.
1611 142 1715 201 411

166 229 437 305 JunC‘mras
453 228 676 285 tabulata
691 225 879 283 dabant
899 251 918 299 3
947 223 1288 280 convelli-mus
1305 221 1418 278 altis

50 322 132 394 46
141 335 163 391 5
183 312 394 370 Sedibus
411 350 427 376 ‚
460 307 853 389 inpulimusque.
896 327 956 363 ea
976 302 1094 362 labs
1086 327 1111 361 a
1129 322 1341 382 repente
1360 303 1559 361 ruinam

176 397 317 452 Cum
336 392 502 451 sonitu
518 391 668 449 trahit
685 430 702 456 ,
734 398 786 449 &
809 386 1057 446 Danaum
1074 386 1219 466 super
1234 387 1439 466 agmina
1454 386 1556 442 late

178 477 385 536 Incidit.
429 474 501 533 ast
519 476 600 531 alii
614 471 828 531 subeunt
846 496 859 528 ε
895 492 989 527 nec
1006 469 1118 527 saxa
1134 508 1150 536 ,
1180 486 1278 526 nec
1293 470 1456 526 ullum

174 561 434 616 Telorum
452 559 647 614 interea
663 553 813 614 ceffat
827 575 1011 632 genus·

171 639 501 703 Vestibulum
518 657 636 697 ante
651 636 816 719 ipsum
835 638 1106 716 primoque
1119 633 1175 691 'in
1191 632 1370 690 limine
1386 630 1612 713 Pyrrhus

1533 712 1722 774 Exsul-

48 891 123 930 rim
136 890 183 931 ab
196 902 239 931 ea
248 903 374 945 parte,
388 890 454 933 ubi
469 891 590 945 paries
601 920 616 941 ,
633 900 786 944 propter
801 887 858 929 fo·
905 887 972 927 dio
986 899 1000 933 3
1025 891 1094 929 ,Αε
1106 904 1173 927 non
1186 888 1246 927 hoc
1259 889 1367 926 telum
1379 885 1470 942 quod
1482 888 1524 928 vi
1537 900 1614 927 mea
1624 885 1721 927 dex·

44 949 194 1003 rumina
208 948 369 1004 ,quibus
379 948 546 993 trabium
550 947 785 1002 fhmma‚five
796 960 860 986 ex·
900 959 977 985 tera
989 947 1104 997 verfizc
1119 956 1132 989 3
1160 941 1377 998 &sequitur
1393 970 1408 991 ‚
1429 946 1554 990 Dixit,
1569 945 1721 996 &fim-

45 1016 169 1045 trema
182 1009 319 1060 capita,
336 1003 476 1046 inserta
489 1018 599 1046 erant
611 1033 624 1052 ,
654 1003 861 1044 invalidior
902 1006 1012 1042 latum
1033 1003 1202 1056 confiergit
1226 1004 1262 1040 in
1275 1002 1407 1052 enftm.
1438 1000 1507 1040 Sed
1521 1005 1629 1041 telum
1641 1002 1717 1041 illo

49 1062 250 1103 videbatur
261 1064 358 1116 (illis
371 1064 478 1102 enirn
492 1063 702 1103 tabulatum
729 1062 858 1114 impo-
901 1060 990 1098 loco
1004 1055 1026 1098 ὲ
1037 1057 1282 1112 longitudine
1293 1057 1442 1098 distum
1454 1057 1507 1097 est
1521 1085 1538 1106 ‚
1554 1069 1594 1098 ut
1607 1085 1619 1105 ,
1635 1075 1717 1098 mu-

47 1117 160 1158 fitum
186 1117 357 1174 sedebat)
381 1119 624 1173 aggredimur
645 1115 859 1158 dissolvere.
896 1116 1022 1170 fletum
1034 1115 1209 1155 dicimus.
1235 1114 1351 1154 Idem.

52 1178 154 1229 Ergo
176 1178 334 1217 labantes
358 1175 670 1230 fignificatfizciIes
698 1174 748 1214 ad
771 1178 859 1228 νιζίὸ-

50 1235 224 1273 lusionem.
268 1237 462 1273 Caeterum
475 1234 587 1286 quaeri
600 1243 748 1285 poterat
763 1260 775 1277 ,
788 1230 855 1271 ubi

47 1289 104 1328 illi
118 1287 290 1329 steterint
302 1318 315 1337 ‚
349 1291 414 1344 qui
424 1287 615 1330 summurn
628 1290 775 1329 testum
787 1288 860 1330 im-

47 1347 234 1398 pulerunt.
263 1349 406 1387 Taubm.

80 1402 175 1454 464.
196 1403 359 1444 Tabulata
371 1403 396 1443 d
398 1404 518 1443 abant.
526 1401 714 1454 ]Quidam
725 1402 860 1443 dabant

46 1471 116 1512 pro
120 1460 302 1509 faciebant
315 1460 562 1514 intelligunt:
584 1471 625 1499 ut
639 1488 650 1505 ,
677 1467 858 1516 Ingentem

45 1518 117 1555 lato
140 1516 243 1556 dedic
269 1518 533 1571 orefenestram.
566 1518 677 1556 Olim
689 1516 775 1556 sane
787 1516 857 1556 do-

50 1586 137 1613 mus
161 1573 207 1613 de
221 1572 360 1614 tabulis
374 1574 517 1615 fiebant
530 1602 544 1622 ‚
570 1573 670 1613 unde
683 1572 799 1613 hodie
813 1574 855 1614 in

50 1629 218 1670 :edificiis
232 1629 471 1685 surgentibus
487 1658 500 1677 ‚
519 1634 673 1685 primum
687 1632 858 1683 &ficun-

52 1686 139 1727 dum
150 1690 345 1728 tabulatum
356 1689 520 1729 dicimus
528 1691 716 1740 3fiammum
729 1699 856 1727 autem

48 1742 121 1790 est,
135 1745 237 1798 quod
253 1747 395 1786 tedium
409 1743 573 1786 sustinet.
605 1748 764 1784 Servius.

101 1806 196 1854 465.
241 1806 511 1857 Inpulimufiyue.
529 1803 548 1854 ]
589 1800 759 1854 Qidam
786 1814 861 1840 no-

51 1859 265 1912 tant,quod
281 1873 359 1899 non
377 1859 422 1899 fit
433 1856 640 1912 expressiim
655 1886 668 1905 ‚
682 1857 748 1897 ubi
761 1856 861 1897 stan-

50 1925 107 1955 tes
120 1913 309 1955 summum
321 1919 466 1956 rectum
480 1916 714 1968 impulerint.
740 1916 856 1954 Idem.

108 1977 159 2012 Ea
180 1975 285 2023 [abste.
304 1976 319 2024 Ῑ
366 1978 410 2013 [n
435 1972 620 2027 plerisque
647 1971 859 2018 codicibus,

50 2026 190 2083 absque
200 2033 434 2082 pronomine
445 2032 526 2070 ullo
537 2030 678 2083 legitur
692 2058 704 2076 ,
729 2032 858 2084 elapfiz.

54 2086 157 2138 quod
169 2099 404 2140 nequaquam
417 2090 553 2140 placet.
586 2093 649 2129 De
660 2086 788 2125 littera
802 2099 863 2126 ve·

54 2153 102 2182 xo
114 2144 135 2182 b
148 2143 190 2181 in
204 2156 251 2182 eo
265 2144 465 2197 participio
478 2144 625 2184 distum
638 2142 743 2183 alibi.
760 2147 853 2182 Pier.

114 2201 306 2255 Repente.]
345 2203 403 2240 Ne
437 2200 653 2253 provideri,
673 2213 738 2240 aut
753 2201 864 2240 vitari

56 2254 184 2310 posfit.
215 2260 379 2295 Servius.

116 2312 351 2352 Convellimus
361 2312 588 2364 alti.rfidibus
599 2314 868 2369 inpulimuffiwe,

57 2383 98 2408 ea
108 2371 202 2421 [absh
213 2382 354 2424 repente
364 2373 518 2416 ruinam,
533 2372 639 2422 &aJ
654 2374 701 2408 Et
713 2371 861 2416 inustu—

54 2438 96 2465 τα
108 2426 306 2466 literarum
321 2456 334 2475 ,
360 2428 399 2466 ὅ(
412 2425 525 2479 pedes
537 2425 604 2479 ipfi
616 2455 627 2472 ‚
647 2427 710 2481 qui
723 2426 863 2479 dastyli

56 2479 159 2528 sunt,
171 2483 222 2522 ira
236 2482 503 2536 repraesentant
514 2483 664 2522 ruinam
676 2483 788 2523 turris
801 2483 861 2522 in-

56 2537 167 2593 pulsae
177 2567 194 2588 ‚
217 2551 259 2580 ut
283 2543 394 2593 poeta
408 2540 578 2580 videatur
588 2540 778 2580 celeritate
793 2553 862 2579 nu·

54 2609 251 2635 merorum
281 2596 400 2649 ipsam
441 2598 592 2637 ruinam
629 2609 865 2636 antevertere

58 2650 225 2693 voluisse.
260 2653 450 2695 videndus
468 2658 557 2694 Ger.
574 2658 608 2710 J.
627 2651 726 2695 Voss.
748 2653 864 2694 dein·

57 2709 177 2751 stitut.
193 2714 293 2764 poet.
311 2712 334 2751 l.
350 2725 366 2762 3
381 2748 388 2754 ,
406 2725 436 2751 c.
452 2724 488 2760 7.
525 2710 730 2763 Emmeneffi

62 2786 67 2790 ·
111 2768 207 2817 467.
240 2768 319 2815 ,All
330 2771 392 2807 alii
400 2770 589 2822 Μυκη]
615 2768 687 2808 Hic
699 2765 867 2808 ostendit

54 2824 200 2877 Priores
211 2822 369 2877 periisse.
401 2827 563 2865 Servius.

960 1174 1055 1226 469.
1100 1172 1328 1225 Vestibulum.
1345 1171 1364 1222 ]
1403 1177 1448 1212 V
1441 1167 1620 1223 estihulum
1663 1169 1719 1211 est

905 1229 1028 1282 prima
1053 1231 1178 1276 ianua.
1212 1228 1372 1269 Distum
1386 1228 1445 1266 vel
1456 1227 1543 1280 quia
1560 1228 1719 1274 ianuam

903 1286 1035 1326 vestiat
1051 1304 1063 1325 .·
1106 1297 1148 1325 ut
1170 1285 1334 1324 dicimus
1357 1295 1548 1323 cameram
1576 1283 1722 1324 duabus

902 1343 1146 1384 sustentatam
1171 1341 1365 1382 columnis
1392 1354 1404 1379 ε
1442 1341 1502 1380 vel
1526 1341 1717 1395 quoniam

903 1400 1018 1441 Vestae
1049 1396 1307 1439 consecratum
1331 1396 1400 1437 est.
1430 1397 1548 1437 Unde
1569 1397 1722 1438 nuben-

901 1469 959 1498 tes
982 1458 1112 1511 puellae
1134 1457 1258 1496 limen
1282 1468 1366 1495 non
1376 1465 1554 1508 tangunt.
1582 1459 1708 1495 Luca-

905 1529 974 1556 nus
987 1543 1000 1561 ,
1032 1514 1284 1569 Transsataque
1309 1523 1412 1551 vetat
1423 1513 1616 1567 contingere
1625 1514 1724 1552 limi-

904 1589 950 1612 na
958 1575 1097 1625 planta.
1131 1570 1286 1624 Singula
1300 1568 1407 1608 enim
1419 1568 1559 1608 domus
1574 1597 1585 1614 ‚
1599 1566 1724 1608 sacra·

903 1640 942 1669 ta
956 1626 1042 1669 sunt
1054 1627 1128 1667 diis
1145 1638 1208 1667 :ut
1219 1626 1367 1667 Culina
1382 1654 1394 1672 ,
1409 1624 1483 1664 diis
1494 1626 1716 1677 penatibus:

905 1686 1091 1725 Maceries
1105 1713 1117 1731 ,
1142 1697 1223 1738 quae
1240 1681 1372 1722 *ambit
1398 1681 1561 1722 domum
1572 1713 1585 1732 ,
1620 1689 1720 1723 Her-

903 1756 977 1782 caeo
1005 1742 1106 1800 Jovi.
1140 1746 1246 1780 Ante
1269 1739 1417 1779 videtur
1446 1737 1661 1793 Vestibulum
1676 1741 1719 1780 &

903 1804 1019 1840 Limen
1033 1811 1102 1852 pro
1115 1810 1191 1838 una
1203 1810 1244 1837 re
1257 1793 1398 1836 dixiffe.
1436 1795 1552 1835 Idem.

960 1856 1213 1912 Vestibulum]
1235 1854 1409 1899 Dictum,
1421 1852 1524 1907 quod
1537 1851 1652 1892 Vestae
1666 1848 1722 1890 ffi-

904 1927 1008 1953 crum
1023 1912 1143 1966 (aliud
1156 1924 1331 1965 etymum
1349 1939 1364 1959 2
1377 1909 1479 1964 quod
1491 1910 1643 1956 ianuam
1659 1921 1722 1948 ve-

904 1971 1003 2019 stiat,
1017 1971 1106 2025 quia
1120 1981 1189 2009 nec
1199 1970 1398 2021 intelligO,
1411 1979 1482 2006 nec
1491 1967 1723 2019 velim,pra:-

902 2029 1028 2082 tereo)
1042 2026 1161 2067 Ovid.
1175 2029 1212 2067 6.
1227 2024 1320 2065 Fast.

932 2088 1030 2126 Hinc
1039 2099 1172 2141 quoque
1187 2082 1390 2136 vestibulum
1403 2080 1478 2121 dici
1496 2095 1574 2121 reor
1586 2107 1599 2126 ‚
1629 2077 1724 2120 unde

1068 2155 1253 2196 precdmldr
1266 2156 1279 2178 .·

992 2201 1210 2255 Qaefamur
1222 2195 1328 2244 Vesta
1339 2194 1391 2234 es‘l
1403 2222 1420 2243 ‚
1443 2208 1517 2249 quae
1528 2195 1598 2233 loca
1608 2195 1724 2247 prima

1080 2266 1187 2294 tenet.

916 2311 1089 2366 Agellius
1109 2310 1178 2350 lib.
1197 2308 1257 2350 16.
1287 2321 1318 2348 c.
1339 2321 1372 2358 5.
1397 2305 1623 2348 vestibulum
1649 2303 1722 2346 effe

918 2371 973 2408 ait
984 2396 994 2413 ,
1012 2385 1077 2408 non-
1089 2368 1171 2423 ipfis
1183 2369 1220 2406 ΐνι
1232 2365 1363 2405 aedibus
1380 2392 1391 2410 ‚
1407 2379 1515 2418 neque
1523 2374 1658 2418 partem
1672 2379 1701 2404 ιε
1711 2387 1726 2394 -

919 2425 1016 2465 dium
1033 2452 1044 2470 ,
1063 2424 1133 2478 fid
1155 2427 1262 2464 locum
1273 2433 1357 2461 ante
1363 2425 1511 2475 januam
1523 2419 1646 2459 domus
1656 2435 1726 2459 ⁴:1ae-

918 2498 1016 2522 cuum
1029 2509 1044 2529 ‚
1068 2496 1131 2537 per
1153 2495 1258 2537 quem
1282 2477 1306 2516 ιὶ
1318 2481 1377 2517 via
1388 2477 1510 2517 aditus
1521 2478 1728 2531 aeceffieffine

915 2539 963 2578 ad
976 2538 1064 2578 aedes
1076 2541 1141 2579 es‘i'.
1182 2536 1337 2584 adjuvat
1350 2545 1420 2573 vox
1435 2537 1563 2574 Gtaeca
1582 2532 1727 2582 wgo‘eu—

911 2607 1104 2650 &mquam
1119 2606 1217 2647 pene
1227 2589 1400 2646 expressit
1413 2592 1532 2631 Plaut.
1551 2590 1717 2631 Mosteli.

909 2651 1168 2705 viderisvestibu
1174 2653 1244 2690 lum
1257 2661 1340 2689 ante
1353 2650 1442 2688 aecles
1455 2676 1468 2695 ,
1493 2653 1546 2693 (θ’
1566 2649 1729 2689 ambula-

909 2726 1006 2750 crum
1021 2707 1215 2761 cujusmodi
1230 2710 1246 2750 ξ
1279 2705 1420 2747 Cerda.

968 2766 1139 2820 Pyrrhus.
1156 2765 1174 2817 ]
1222 2770 1258 2804 Α
1285 2765 1418 2803 colore
1438 2773 1558 2802 comae
1582 2759 1723 2806 dist-us:

912 2823 977 2876 qui
1004 2822 1144 2864 Latine
1169 2822 1293 2876 byrrus
1303 2820 1440 2860 dieitur
1455 2848 1467 2867 ,
1494 2820 1548 2859 'tta
1563 2819 1602 2858 ὃ(
1617 2819 1727 2860 Salu-

110 2883 207 2932 468.
249 2885 404 2922 Telorum
427 2886 564 2923 interea
586 2882 692 2935 ceffizt
722 2880 866 2937 geuuiz]
915 2879 1005 2920 stius
1017 2882 1161 2934 crtfims.
1195 2878 1354 2918 Servius.

57 2940 161 2977 Bene
183 2938 329 2978 addidit
353 2945 480 2980 Genus.
511 2942 630 2979 Telum
654 2938 761 2978 enirn
776 2937 868 2977 dici-

972 2939 1158 2991 Primoque
1181 2938 1219 2974 in
1243 2937 1361 2975 limine
1386 2932 1584 2986 Pyrrhum}
1611 2923 1730 2972 Fero-

58 3005 118 3033 tur
155 2991 357 3035 secundum
398 3000 567 3035 Graecam
589 2996 866 3049 etymologiam
916 3007 998 3033 cem
1014 3005 1186 3034 naturam
1200 2993 1309 3040 hujus
1321 2990 1503 3035 ostendit,
1517 2991 1556 3029 &
1570 2989 1633 3044 qui
1649 2991 1730 3042 ple—

58 3049 129 3090 xm}
145 3050 193 3090 τὲ
208 3055 360 3093 πιλὸὃπεν
377 3081 389 3099 ,
418 3052 456 3092 id
469 3051 521 3092 est
534 3081 544 3098 ‚
562 3052 740 3106 quicquid
754 3053 867 3104 longe
918 3064 972 3090 nae
997 3051 1164 3093 victoriae
1187 3048 1366 3090 fiduciam
1380 3058 1561 3089 cerneret.
1606 3052 1727 3086 Dona·

56 3108 128 3158 jaci
144 3109 265 3163 potest
283 3123 292 3148 τ
316 3121 545 3166 quamquam
559 3110 720 3163 legimus
731 3109 779 3150 de
792 3111 851 3164 gia
914 3122 986 3150 tus.

1535 3173 1633 3214 470-
1644 3166 1730 3201 Luce
