2037 3787
207 218 218 227 .
460 163 520 221 AE
549 182 589 220 N
621 178 653 219 Ε
691 178 714 218 1
751 180 792 219 D
826 179 861 219 o
896 158 923 216 s

151 247 374 309 Ρεᾶοτει
391 287 410 315 ,
440 247 475 305 fi
495 249 644 309 vobis
660 249 936 307 audentem
954 266 1185 308 extrema
1203 247 1394 328 cupido

1006 157 1168 223 [112.
1202 164 1288 221 II.
1599 167 1706 244 389

37 350 147 410 350
164 336 326 392 Certa
341 329 510 410 sequi3
550 347 682 412 (quae
702 330 761 389 fit
777 330 927 389 rebus
943 328 1147 390 fortuna
1165 331 1367 393 videtis,

161 411 432 473 Exceffere
447 435 632 473 omnes
651 414 811 494 adytis
829 411 1020 495 arisque
1037 415 1227 473 relictis

26 577 77 619 lis
87 576 141 619 est
155 606 166 624 ‚
181 582 348 635 Juvenes
359 575 563 618 fortissima
575 577 743 631 pectora,
758 576 818 618 ftu

29 629 102 674 stra
126 632 332 675 succurritis
354 634 440 674 urbi
467 633 650 680 incensae3
675 638 760 689 quia
775 647 834 674 ex·

32 687 221 731 eeffetunt
231 704 369 731 omnes
381 692 445 731 dii.
478 690 629 732 undefi
647 692 756 731 vobis
770 704 835 731 cu-

29 746 123 800 pido
146 759 246 787 cette
270 748 324 788 est
353 761 416 788 me
440 747 760 803 sequiaudentem
773 761 836 787 ex-

27 812 167 850 trema,
198 808 427 853 Mon-izcmur,
455 811 507 850 (φ
532 809 571 844 in
597 805 716 844 media
737 821 837 844 arma

24 873 184 900 ruamus.
218 862 297 901 Alii
316 866 437 915 sequi,
465 874 534 914 pro
546 858 725 916 sequendi
737 862 836 900 acci-

0 953 3 958 .
24 915 150 969 piant.
196 915 481 958 obscuritatem
502 929 630 958 autem
653 916 744 957 facit
764 916 837 956 hoc

28 973 117 1013 loco
132 975 171 1013 &
186 971 369 1027 synchefis
382 1002 397 1023 ‚
410 976 450 1015 id
462 974 528 1020 est,
542 973 737 1028 hyperbati
749 976 835 1015 lon-

23 1041 72 1083 ga
96 1029 295 1080 confus10‚
321 1033 361 1071 &
391 1031 444 1072 est
456 1028 690 1072 falsalestio.
734 1034 834 1071 Nam

25 1087 142 1128 multi
153 1088 352 1128 Audiendi
364 1090 497 1142 legunt
512 1117 526 1137 ,
551 1088 664 1128 multi
679 1089 834 1129 Auden-

26 1144 88 1183 tis.
120 1144 190 1184 Sed
202 1156 378 1184 neutrum
392 1144 578 1198 procedit.
617 1151 718 1197 Ergo
744 1150 837 1187 Aa·

23 1199 165 1240 dentem
192 1202 397 1255 legendum
410 1202 462 1241 est
476 1230 488 1249 ‚
514 1203 554 1241 δε
569 1201 636 1240 ista
647 1199 836 1241 sententia

28 1252 214 1309 synchesis
236 1257 288 1297 est
303 1286 317 1303 ,
345 1258 390 1298 Id
402 1258 456 1299 est
473 1287 485 1304 ,
509 1257 706 1312 hyperbati
719 1259 834 1312 longa

29 1312 218 1354 confufio.
254 1314 367 1354 Idem.

83 1371 283 1424 Juvenes.]
313 1369 422 1410 Ordo
435 1368 514 1409 est:
535 1370 832 1424 juvenesfortissi-

23 1441 84 1465 ma
104 1428 268 1482 pec‘lora,
293 1431 384 1483 Qae
401 1428 451 1478 fit
463 1427 559 1466 rebus
571 1431 720 1476 fortuna
731 1427 831 1466 vide·

22 1483 88 1522 tis·
117 1486 298 1538 Excessere
319 1500 434 1524 omnes
455 1484 579 1537 adytis·
593 1512 605 1531 ,
627 1485 766 1538 arisque
778 1500 832 1523 re-

22 1538 118 1579 lic‘lis
142 1543 208 1579 Dii
221 1568 236 1588 ,
258 1542 385 1595 quibus
407 1544 588 1594 imperium
611 1541 832 1594 hocstfterat,

1601 496 1702 562 Dr,

887 576 902 616 ὁ
919 576 941 627 '5
960 576 1196 632 Opam'ss’gmc
1210 576 1298 621 ἰίνες
1312 608 1324 626 ,
1355 578 1409 620 ob
1420 578 1697 619 temeritatem.

885 636 954 674 Sed
970 636 1125 688 quidem
1141 639 1414 683 Poeta‚ffineae
1426 636 1478 677 sui
1494 633 1701 682 studiosus,

885 690 1068 732 abstinuit
1078 690 1100 732 ὲ
1112 695 1328 733 temeritate
1343 705 1548 733 contentus
1559 689 1701 732 descri-

883 745 1103 799 pfiss'eflinc
1114 748 1320 789 illustrabis
1334 749 1489 790 infinita
1501 751 1584 790 loca
1598 751 1700 788 Poe-

885 814 1009 843 tarum
1026 832 1038 850 ,
1067 806 1133 859 qui
1157 818 1232 846 una
1259 819 1345 846 curn
1359 807 1513 846 audacia
1526 807 1698 853 coniun-

881 872 978 912 gunt
1000 860 1145 915 aliquid
1160 891 1172 909 ,
1204 875 1280 917 quo
1304 865 1564 904 temeritatem
1592 863 1700 904 indi-

885 927 988 956 cent.
1021 918 1149 958 Cerda.

949 988 1038 1028 351.
1072 975 1296 1028 Excessere]
1339 974 1442 1030 Qia
1466 985 1556 1015 ante
1578 987 1695 1028 expu-

881 1030 1113 1081 gnationem
1153 1030 1412 1071 evocabantur
1443 1031 1491 1071 ab
1521 1031 1695 1072 hostibus

887 1087 1046 1126 numina
1071 1116 1084 1134 ,
1127 1099 1282 1141 propter
1307 1088 1461 1128 vitanda
1486 1086 1698 1142 sacrilegia.

884 1142 981 1182 Inde
992 1143 1169 1199 est‚quod
1183 1146 1356 1185 Romani
1368 1147 1530 1185 celatum
1543 1144 1617 1185 effe
1628 1159 1698 1186 vo·

882 1199 1034 1240 lue‘tunt
1044 1228 1057 1246 ,
1072 1202 1113 1240 in
1126 1203 1231 1251 cuius
1243 1201 1306 1241 dei
1317 1204 1435 1242 tutela
1446 1201 1548 1243 Urbs
1563 1207 1694 1243 Roma

882 1254 925 1294 fit
936 1284 948 1301 ,
977 1259 1016 1296 ὅ(
1029 1259 1110 1306 jure
1123 1258 1355 1299 Pontificum
1369 1271 1520 1299 cautum
1536 1257 1588 1298 est
1602 1288 1614 1306 ,
1643 1272 1695 1300 ne

879 1310 951 1352 suis
965 1314 1191 1355 nominibus
1203 1316 1259 1355 dii
1275 1317 1446 1356 Romani
1457 1316 1694 1369 appellaren-

881 1379 940 1408 tur
954 1398 966 1416 ,
998 1384 1048 1410 ne
1074 1371 1458 1426 exauguratipoffint.
1487 1377 1535 1413 Et
1550 1374 1592 1412 in
1609 1377 1694 1414 Ca-

881 1427 1021 1477 pitolio
1040 1426 1114 1469 fuit
1136 1431 1288 1483 clypeus
1313 1427 1552 1469 consecratus
1577 1457 1590 1475 ,
1627 1433 1692 1470 cui

881 1481 1059 1536 scripturn
1073 1497 1168 1533 erat,
1181 1488 1287 1526 Genio
1295 1488 1389 1526 urbis
1401 1487 1598 1537 Romaesive
1611 1502 1692 1527 mas·

874 1540 1116 1592 fivefoemina.
1148 1546 1196 1582 Et
1207 1543 1412 1582 Pontifices
1423 1545 1474 1582 ita
1487 1541 1694 1597 precaban-

21 1595 167 1651 frustra,
173 1599 378 1648 fhccurritis
388 1598 464 1637 urbi
474 1600 628 1651 incenfie.
670 1601 713 1637 Si
738 1601 834 1638 vobis
881 1608 940 1636 tur
955 1624 970 1643 ,
997 1598 1153 1654 Jupiter
1173 1603 1296 1654 optime
1320 1603 1498 1647 maxime,
1520 1601 1602 1651 five
1625 1617 1693 1654 quo

32 1653 191 1693 audendi
213 1665 374 1694 extrema
387 1654 517 1709 Cupido
529 1683 541 1701 ,
568 1670 688 1694 eamus
698 1660 749 1699 ἔφ’
763 1672 834 1694 mo·
882 1656 947 1693 alio
958 1659 1093 1696 nomine
1105 1668 1141 1696 te
1153 1656 1322 1712 appellari
1332 1660 1498 1696 volueris.
1530 1660 1631 1697 Nam
1646 1659 1689 1696 δε

22 1711 158 1750 riamur
170 1737 186 1758 ‚
202 1715 262 1755 (9⁶
274 1713 313 1749 in
327 1711 446 1751 media
456 1727 556 1751 arma
568 1728 721 1751 ruamus.
756 1718 833 1753 Una

10 1767 114 1818 filus
137 1766 386 1808 'siffis-nullam
400 1769 698 1822 sperarefizlutem.
728 1772 829 1820 Ergo

21 1823 179 1874 juvenes
201 1822 321 1865 fortes
342 1823 453 1872 estis,
492 1825 739 1877 &promptiz
768 1823 830 1864 sed

22 1881 205 1920 auxilium
241 1882 404 1921 vestrum
439 1879 601 1920 incensae
624 1881 709 1921 urbi
735 1882 825 1935 quid

24 1937 218 1990 proderit?
249 1935 311 1978 sed
325 1951 401 1978 una
413 1937 466 1977 est
483 1935 578 1978 salus
591 1939 698 1978 vietis
710 1968 722 1985 ,
738 1938 762 1978 fi
778 1937 829 1978 sa-

18 1994 155 2040 lutem,
169 2007 282 2048 quam
297 1996 394 2036 tueri
405 2008 486 2035 nou
499 1993 650 2048 poffunt
663 2024 678 2044 ‚
701 1995 828 2049 despe-

21 2050 144 2090 rando
153 2063 422 2092 contemnant.
452 2057 627 2091 Danatus.

79 2119 174 2160 349.
201 2111 243 2148 Si
252 2109 350 2147 vobis
362 2109 545 2149 audentem
557 2122 717 2149 extrema
729 2112 829 2162 cupi-

23 2161 67 2201 do
78 2165 130 2203 ei}
141 2175 234 2204 certa
238 2168 352 2219 sequi.
362 2166 379 2217 ]
406 2171 582 2206 Donatus
595 2165 752 2205 audendi
762 2181 828 2204 ex-

20 2229 138 2259 trema
150 2233 163 2256 .-
190 2220 339 2261 videtur
362 2219 564 2276 agnoscere
577 2250 589 2268 ,
617 2222 710 2262 &in
724 2222 825 2261 ordi-

22 2277 186 2316 natione
209 2274 334 2318 sensus
357 2279 410 2318 ita
434 2278 573 2332 digerit
585 2278 824 2326 structuram,

22 2335 64 2372 Si
87 2335 183 2373 vobis
193 2334 351 2374 audendi
363 2347 522 2375 extrema
535 2335 654 2388 cupzdo
666 2338 823 2386 certas}-

20 2392 96 2444 qui.
127 2390 197 2431 Sed
222 2392 329 2430 enim
353 2392 579 2443 exemplaria
592 2403 716 2431 vetera
729 2405 826 2443 pene

21 2447 158 2486 omnia
171 2475 187 2494 ‚
211 2449 396 2488 audentem
409 2450 566 2502 legunt:
592 2447 824 2487 utanimofi-

21 2504 112 2543 tatis
121 2504 202 2544 laus
214 2508 341 2544 AEneae
351 2507 452 2558 ptaeci
460 2518 530 2558 pue
544 2504 746 2544 deferatur.
761 2521 825 2543 uu-

23 2559 165 2600 dentem
177 2560 333 2616 quidem
348 2563 448 2615 prius
462 2563 579 2601 etiam
594 2562 634 2600 in
649 2562 825 2601 Mediceo

22 2612 203 2670 scriptum
223 2616 299 2658 fuit
327 2631 337 2656 :
376 2618 473 2658 Inde
496 2619 620 2658 aliena
646 2631 764 2658 manu
790 2619 828 2658 ὃ(

21 2684 238 2714 atramento
252 2702 267 2723 ‚
292 2675 449 2716 audendi
466 2674 654 2716 Gerundii
668 2688 761 2715 voce
774 2674 829 2714 fa-

27 2729 143 2769 stum.
172 2734 323 2772 Pierius.

79 2787 321 2840 Audenam]
337 2789 408 2830 Hic
421 2801 501 2828 non
517 2798 597 2827 tarn
611 2787 720 2840 capio
737 2791 827 2841 &ap-

35 2843 162 2894 ῥαλέον
175 2873 188 2891 ,
218 2857 330 2899 quam
360 2844 529 2895 θρασαό,
561 2844 650 2898 quia
675 2844 824 2883 audacia

20 2897 91 2938 ista
114 2911 197 2940 tota
219 2901 266 2941 ad
279 2903 550 2943 temeritatem.
573 2903 614 2940 iu
630 2914 677 2940 eo
689 2900 827 2954 signate

19 2957 136 2996 Poeta
145 2957 328 2998 audentem
341 2971 513 2999 extrema.
540 2958 632 2998 ideo
645 2959 692 2997 de
710 2959 826 2998 Athe·

881 1709 959 1762 ipse
980 1712 1036 1751 ait
1060 1741 1073 1760 ,
1118 1716 1304 1777 Seqffimur
1328 1725 1364 1753 te
1378 1716 1502 1767 fhnffle
1526 1714 1685 1763 deorum,

883 1770 1054 1823 Qzsquis
1065 1784 1117 1808 es.
1146 1771 1310 1810 Servius.
1701 1813 1704 1815 ,

935 1827 1112 1879 Exceffi’re
1134 1843 1248 1867 omnes
1270 1827 1403 1880 adytt's.
1421 1827 1440 1879 ]
1483 1826 1533 1866 Hi
1558 1823 1687 1867 versus

877 1877 1002 1932 sapere
1028 1882 1204 1923 videntur
1225 1880 1434 1936 priscorum
1456 1884 1550 1924 ritus
1575 1885 1616 1923 ὃς
1632 1881 1693 1925 su-

876 1938 1142 1989 perstitionem
1165 1952 1179 1986 3
1205 1940 1270 1994 qui
1294 1942 1335 1980 in
1351 1939 1690 1981 urbium-obsidio-

880 2008 952 2041 ne,
997 2009 1047 2036 ne
1074 1998 1276 2049 ,θεομαχεῖν
1300 1999 1540 2045 viderentur,
1571 2009 1689 2038 ante-

878 2064 992 2105 quam
1016 2054 1213 2093 machinas
1238 2055 1335 2094 ullas
1361 2054 1479 2094 mutis
1502 2054 1688 2095 admove-

877 2120 989 2157 rent,
1013 2111 1212 2164 conceptis
1235 2111 1468 2152 carminibus
1480 2111 1573 2151 deos
1585 2124 1688 2152 tute-

875 2167 969 2205 lares
995 2166 1233 2221 φυλαιιτέρας
1256 2169 1434 2223 mitigare
1460 2171 1500 2208 ὅ(
1523 2181 1682 2209 evocare

878 2220 1063 2264 solebant.
1094 2225 1191 2266 Vide
1217 2237 1346 2264 autem
1374 2225 1421 2264 de
1433 2223 1626 2266 sacrorum
1640 2239 1686 2265 e-

880 2282 1084 2320 vocatione
1097 2309 1109 2327 ,
1124 2283 1164 2320 &
1179 2283 1342 2335 qualiter
1354 2282 1452 2321 olim
1465 2282 1549 2321 fieti
1568 2281 1609 2321 fit
1623 2280 1688 2322 so-

876 2337 945 2374 lita
961 2365 973 2382 ,
1000 2337 1171 2378 Mactob.
1185 2337 1256 2378 lib.
1271 2350 1308 2386 3.
1335 2340 1526 2379 Saturnal-
1538 2351 1623 2394 cap.
1638 2340 1679 2382 8.

877 2399 1081 2432 Germanus.

931 2451 1109 2504 Exceffire
1133 2466 1248 2491 omnes
1271 2450 1428 2504 adytis]
1467 2454 1525 2490 Ita
1549 2454 1663 2492 Corn

877 2505 1029 2546 Tacitus
1045 2536 1057 2554 ‚
1082 2506 1129 2546 de
1164 2505 1365 2546 obsidione
1390 2506 1689 2561 Hierosolymo-

880 2575 961 2600 rum
988 2561 1057 2602 lib.
1074 2577 1110 2614 5.
1124 2563 1266 2605 Histor.
1297 2568 1455 2618 Expaffae
1465 2577 1604 2619 repente
1616 2566 1682 2605 de-

875 2620 1061 2670 lubrifores
1074 2647 1088 2668 ‚
1101 2625 1152 2664 (ν’
1165 2620 1290 2660 audita
1304 2625 1414 2675 major
1425 2622 1581 2661 humana
1592 2639 1678 2672 vox3

879 2677 1052 2716 Excedere
1077 2676 1169 2716 deos.
1195 2677 1303 2727 simul
1323 2681 1447 2733 ingens
1457 2691 1566 2718 motus
1582 2693 1687 2718 exce-

879 2732 1049 2772 dentium.
1080 2736 1181 2773 Nam
1205 2733 1402 2786 proditum
1427 2733 1481 2774 est
1493 2736 1687 2790 antiquis,

877 2802 960 2828 cum
974 2791 1091 2838 Troia
1103 2791 1249 2829 excidio
1263 2792 1472 2845 propinqua
1483 2789 1574 2831 esset
1594 2821 1605 2839 ,
1623 2793 1682 2832 vi-

878 2843 934 2885 l'os
948 2843 1020 2886 esse
1029 2847 1121 2886 deos
1133 2843 1154 2887 ὲ
1167 2844 1238 2886 suis
1252 2849 1406 2900 templis
1419 2845 1481 2888 sua
1505 2861 1684 2902 exporta-

881 2916 917 2941 te
943 2902 1147 2944 simulacra.
1180 2907 1238 2943 lta
1263 2906 1467 2957 Sophocles
1484 2905 1527 2945 in
1546 2905 1685 2948 Fabula

884 2963 1156 3011 vimulacriferis,
1171 2960 1321 3002 induxit
1333 2962 1441 3008 deos,
1456 2961 1528 3002 fuis
1542 2962 1680 3003 hume..

29 3012 245 3061 nienfiillo,
273 3017 336 3068 qui
351 3016 825 3070 quinquagintatytannos
879 3018 930 3055 ris
942 3014 1002 3058 sua
1016 3031 1192 3072 gerentes
1214 3016 1422 3058 fimulacra.
1453 3023 1500 3059 Et
1523 3016 1682 3074 AEschy-

24 3068 190 3110 Athenis
203 3073 339 3123 expulit
353 3101 363 3118 ‚
390 3073 529 3125 quique
542 3072 664 3112 dictus
680 3071 826 3124 szcm'-
879 3075 935 3113 lus
959 3086 1086 3127 aperte
1111 3074 1206 3114 dicit
1220 3104 1232 3121 ,
1261 3074 1372 3115 urbes
1393 3105 1403 3119 ,
1430 3089 1509 3131 qut
1521 3078 1684 3129 capiun-

21 3126 378 3174 esaaffischoliastes
392 3129 716 3185 Aristophanisin
729 3130 824 3171 Plut.
851 3150 856 3172 ι
882 3143 942 3172 tur
962 3159 980 3182 ‚
996 3129 1025 3173 Ξι·
1041 3128 1114 3174 suis
1137 3132 1210 3172 diis
1224 3160 1236 3178 ,
1263 3131 1466 3177 hominum
1480 3134 1690 3188 opinione,

1224 3193 1251 3229 B
1267 3187 1292 3229 b
1323 3202 1340 3244 3
1555 3187 1692 3231 deseri.
