2037 3787
310 177 420 246 290

801 177 866 233 P.
934 167 1472 233 V1R01L11

433 258 710 331 Infandum
726 310 743 340 ‚
770 273 978 356 regina,
1006 271 1152 353 jubes
1166 292 1417 333 renovare
1434 268 1708 342 dolorem3

1796 353 1992 433 Troja-

312 480 868 534 mnesTragoedix&Historiae
879 495 1126 537 occupantur:
1183 481 1513 527 videMacrob.1.
1531 498 1563 535 5.
1594 489 1745 525 saturn.
1770 498 1805 525 c.
1821 501 1856 534 ς.
1881 486 1995 529 filen·

342 539 486 592 Difiite
496 537 674 591 justiciam
686 543 810 580 moniti
821 548 890 590 ,(7
902 558 966 581 non
979 554 1132 584 temnere

440 593 560 634 divoJ.
722 596 892 636 Taubm.

377 653 624 706 Conticuere-J
656 651 713 693 Sic
736 652 836 694 infra
851 650 913 704 fis.
932 666 1021 708 131.
1049 661 1137 696 Con-

313 708 416 757 verfiz
439 711 562 747 tulere.
622 707 833 765 Dausquius
856 724 901 751 ex
922 712 1059 752 Tullio
1092 713 1135 752 in

319 765 487 802 Oratore
509 767 723 820 scripfi’rune
766 768 889 809 verius
916 768 992 808 dici
1018 781 1134 824 quam

304 821 479 873 firipfhre
490 820 661 862 testatur.
707 825 840 864 Multis
852 836 984 866 tamen
997 825 1136 878 probat

313 873 390 915 fine
404 876 627 919 discrimine
640 877 817 935 usurpari.
850 886 964 923 Maro
985 883 1139 923 devene-

317 948 356 972 re
378 938 474 974 locos.
508 936 626 976 Ovid.
648 938 674 977 l.
697 952 756 989 ¹3·
773 942 935 979 Metam.
961 939 1139 993 confidere

313 988 433 1031 duces.
466 994 579 1033 Plura
604 994 681 1034 ille.
715 992 779 1036 sed
798 1024 809 1041 ‚
833 1009 922 1036 cum
946 998 1138 1037 Cicerone

316 1047 437 1086 citato
461 1049 550 1088 loco
580 1063 610 1090 c.
628 1064 693 1103 47.
709 1050 1004 1100 consuetudini,
1036 1055 1140 1094 auri-

318 1101 389 1144 bus
423 1105 643 1162 indulgenti
671 1137 683 1155 ,
723 1109 892 1150 libenter
931 1109 1137 1167 obsequor.

321 1161 524 1216 Qantum
538 1164 585 1204 ad
598 1178 870 1219 argumentum
883 1165 1034 1214 huiusce
1046 1167 1140 1208 libri

317 1215 474 1259 secundi
498 1224 628 1261 Petrus
651 1224 799 1265 Vistor.
827 1225 1004 1266 vaniest.
1026 1226 1052 1264 l.
1071 1226 1140 1267 28.

317 1274 525 1317 arbitratur
547 1279 752 1332 Virgilium
765 1307 778 1328 ,
813 1292 855 1321 ut
869 1280 943 1321 fuit
957 1279 1143 1323 studiosus

323 1332 433 1373 valde
461 1335 679 1389 Euripidis,
706 1336 981 1379 accuratiflime
1007 1351 1142 1379 tamen

319 1388 500 1430 evolvisse
510 1393 612 1432 illius
624 1395 779 1447 Tragici
790 1394 960 1435 Troadas
973 1424 985 1443 ,
1000 1397 1087 1451 quia
1100 1396 1144 1436 iu

322 1445 424 1488 hunc
436 1447 577 1489 librum
591 1447 1008 1502 secundumffineidos,
1022 1455 1145 1493 multa

323 1517 369 1544 ex
383 1506 447 1545 illa
458 1504 588 1546 fabula
603 1507 809 1548 transtulit.
834 1511 1024 1563 exemplar
1036 1509 1146 1560 hujus

322 1560 416 1602 libri
439 1564 567 1604 extitit
603 1565 787 1606 miranda:
811 1565 1006 1608 vetustatis
1041 1567 1147 1622 quod

326 1624 374 1660 A.
385 1620 516 1661 Gellio
527 1621 780 1664 monstratum
794 1624 834 1664 &
848 1636 997 1665 emtum
1010 1625 1150 1679 viginti

325 1677 450 1717 aureis
475 1677 556 1725 est,
588 1691 629 1719 ut
652 1679 760 1721 idem
782 1680 938 1721 testatur
961 1683 987 1722 1.
1004 1696 1041 1723 2.
1056 1696 1088 1721 c.
1107 1695 1147 1735 3.

322 1735 452 1781 Trojae
476 1735 632 1775 Halofin
652 1738 772 1777 etiam
788 1738 978 1793 Graphice
988 1737 1148 1781 verfibus

325 1802 476 1832 enarrat
488 1794 706 1848 Petronius.
738 1799 944 1850 Emmeneffl

385 1853 591 1904 Intentique
604 1867 662 1891 ora
671 1854 873 1906 tenebant]
900 1852 946 1893 1d
970 1852 1051 1902 est,
1078 1866 1146 1894 ora

327 1904 577 1947 intuebantur
592 1908 815 1963 loquentis3
843 1922 909 1951 aut
921 1909 1148 1952 immobiles

328 1964 454 2004 vultus
469 1962 674 2005 habebant.
715 1979 757 2007 ut
769 1996 781 2015 ,
797 1971 992 2023 Tenuitque
1001 1968 1147 2009 inhians

327 2022 403 2061 tria
430 2023 595 2072 Cerberus
615 2039 705 2071 ora,
737 2024 780 2065 id
811 2024 866 2065 est
879 2054 896 2075 ‚
923 2024 1146 2066 immobilia

329 2075 528 2118 habebant
543 2093 554 2120 ε
581 2091 647 2119 aut
659 2080 804 2122 intenti
818 2080 1006 2123 tenebant
1020 2112 1033 2131 ,
1049 2094 1090 2123 ut
1101 2081 1145 2123 fit

309 2133 448 2189 <figura
462 2163 477 2182 ,ψ
502 2138 542 2177 &
567 2136 859 2191 intelligamus,
884 2143 1026 2180 intenta
1037 2140 1147 2180 habe-

330 2192 430 2232 hant.
455 2203 497 2234 ut
509 2194 714 2235 Terentius
726 2225 742 2246 ‚
754 2202 850 2238 Nam
862 2196 1024 2238 Andriae
1037 2196 1096 2237 illi
1107 2197 1151 2238 id

327 2261 406 2291 erac
429 2267 552 2291 nomen
566 2281 579 2301 ‚
605 2264 715 2292 teneo.
748 2253 843 2293 Ideo
854 2264 986 2294 autem
998 2253 1070 2294 hoc
1083 2253 1151 2294 ad·
1167 2302 1169 2305 f

329 2305 435 2347 didit
449 2320 460 2346 :
487 2309 575 2363 quia
586 2308 710 2362 potest
724 2311 809 2367 quis
820 2322 945 2352 tacere
959 2339 972 2359 ,
998 2324 1070 2352 nec
1081 2310 1150 2352 ad-

332 2375 491 2405 vertere.
525 2369 680 2407 Servius.

347 2441 350 2442 ⁷
392 2424 570 2476 Intenti]
585 2422 783 2465 Defiderio
797 2422 1076 2466 inducebantur
1087 2437 1154 2467 au·

309 2486 312 2489 ⁴
331 2477 484 2520 diendi.
511 2485 689 2522 Donatus·
949 2525 952 2527 ,

388 2540 594 2592 Intentique
604 2554 663 2578 ora
673 2538 881 2590 tenebant]
901 2541 989 2585 Pro,
1003 2543 1151 2580 Intenta

330 2609 393 2635 ora
418 2594 590 2635 habebant
608 2623 619 2641 ,
649 2595 688 2635 id
700 2594 753 2635 est
767 2624 779 2642 ,
805 2595 1149 2651 defixainloquen-

331 2661 439 2691 tem:
467 2663 508 2691 ut
521 2650 566 2691 fit
578 2651 787 2707 hypallage.
817 2654 888 2693 Vel
902 2680 914 2699 ,
939 2654 1089 2694 Intenti
1103 2660 1150 2694 ad

331 2710 368 2755 ej
373 2721 415 2747 us
430 2707 542 2749 verba
558 2723 606 2749 ne
617 2710 774 2764 quidem
786 2707 994 2750 hiscebant.
1010 2712 1148 2753 ΕΗΒ.

333 2764 630 2820 dicettdefixique
640 2783 700 2808 ora
709 2768 887 2807 tenebant.
910 2765 1007 2807 Ideo
1018 2779 1150 2809 autem

335 2822 411 2862 hoc
430 2822 599 2863 addidit:
644 2824 731 2878 quia
754 2824 877 2878 potest
902 2824 989 2878 quis
1009 2835 1147 2872 tacere,

331 2883 406 2922 'nec
419 2891 550 2920 tamen
564 2881 742 2921 animum
754 2880 967 2923 advertere.
999 2884 1144 2922 Taubm.

390 2940 588 2977 Conticuere
611 2954 728 2979 omnes
747 2940 948 2991 intentique
969 2954 1027 2978 ora
1049 2949 1146 2979 tene·

333 2991 459 3044 bana]
473 2997 583 3034 Hunc
594 2991 743 3036 versum
755 2994 869 3036 debet
881 2999 1071 3043 Homero,
1085 2996 1151 3051 qui

335 3049 435 3089 hunc
448 3048 562 3091 habet
576 3051 600 3091 l.
624 3067 657 3093 t.
672 3051 779 3092 Iliad.
797 3051 860 3100 ybs.
881 3066 945 3106 29.

365 3104 426 3150 ssus
439 3107 565 3159 ἔφαθ’,
591 3108 676 3161 οἵᾸῖ
689 3107 765 3160 ἄρα
780 3107 917 3152 πάντες
931 3107 1038 3150 αἰκία)
1064 3107 1141 3163 {212-

491 3165 582 3206 vov'lo
599 3165 733 3224 έτωπῇ.

1184 543 1283 582 tium
1308 555 1390 582 erat
1413 539 1658 581 necessarium
1684 541 1766 595 post
1791 542 1992 598 strepitum

1186 599 1226 638 δε
1240 599 1525 653 ingeminatum
1539 596 1720 651 plausum.
1751 604 1954 653 Emmeneffi

1242 668 1277 696 2.
1307 655 1437 706 Inde.]
1472 654 1678 706 Aphaerefis
1703 654 1755 695 est
1774 685 1787 703 ‚
1809 670 1880 710 pro
1893 659 1998 699 dein-

1184 711 1229 751 de
1245 740 1258 757 ,
1281 713 1342 752 vel
1367 723 1407 752 ut
1432 712 1589 767 quidam
1612 715 1749 753 volunt
1763 719 1869 754 Tunc.
1912 719 1995 758 Set·

1186 781 1282 809 vius.

1237 833 1318 866 Tora
1328 825 1370 865 ab
1381 825 1489 877 alem]
1515 829 1693 866 Summus
1716 826 1825 866 enim
1849 823 1998 881 semper

1186 881 1240 922 est
1252 881 1482 935 pontificalis
1494 882 1613 923 locus.
1635 885 1727 923 Non
1738 882 1877 923 licebat
1890 886 1999 927 enim

1188 936 1295 991 supra
1318 951 1450 992 regem
1482 936 1730 980 sacrificulum
1767 953 2009 995 quemquam

1189 995 1429 1036 accumbere.
1469 999 1572 1036 Cum
1583 998 1690 1036 enirn
1703 997 1797 1036 dicit
1809 996 1857 1037 de
1871 997 2002 1038 Dido-
2036 1007 2037 1010 ’

1191 1066 1267 1092 ne:
1291 1059 1423 1096 ,Aurea
1445 1053 1766 1108 compofiaitffionda
1778 1054 2000 1110 mediamque

1185 1111 1337 1150 locavit:
1364 1109 1661 1150 Ostenditillam
1674 1111 1820 1165 regali,
1847 1124 1930 1150 non
1944 1109 2002 1152 san
2027 1132 2029 1137 ·

1191 1166 1374 1206 cerdotali
1388 1167 1477 1207 loco
1487 1164 1724 1207 discubuiffie.
1767 1171 1908 1209 AEneas
1929 1181 2000 1210 au-

1191 1235 1271 1264 tem
1297 1224 1437 1279 ubique
1468 1222 1568 1279 quali
1601 1221 1762 1266 [aeratus
1796 1224 2002 1267 inducitur.

1191 1289 1294 1322 Tarus
1308 1292 1438 1321 autem
1451 1280 1501 1321 ab
1525 1282 1640 1322 herbis
1660 1282 1762 1321 tortis
1785 1281 1911 1321 dietus
1920 1281 1972 1322 est
1989 1300 2002 1332 ς

1196 1339 1237 1378 &
1251 1337 1397 1379 videtur
1414 1338 1475 1378 hic
1497 1335 1700 1378 ostendisse
1714 1367 1727 1386 ,
1758 1338 1918 1392 ostroque
1931 1342 1998 1391 fia·

1188 1396 1303 1449 perebo.
1345 1400 1392 1435 Et
1406 1398 1631 1449 Aulaeisjam
1643 1399 1686 1448 se
1698 1397 1818 1451 regina
1825 1398 2002 1452 fizperbis,
2026 1412 2029 1417 ·

1195 1462 1238 1492 ut
1250 1451 1375 1492 aulam
1396 1449 1633 1503 significaret.
1666 1452 1780 1493 Idem.

1247 1511 1319 1550 Ab
1331 1510 1435 1561 alto-,J
1450 1512 1520 1548 Pro
1531 1525 1577 1549 ex
1587 1512 1676 1555 alto,
1687 1507 1850 1550 mutavit
1861 1521 2006 1564 praepo·
2036 1522 2037 1563 j

1191 1563 1388 1606 fitionem.
1416 1566 1528 1605 Idem.

1252 1626 1308 1663 Sic
1330 1627 1424 1676 orsics
1435 1624 1479 1662 ab
1489 1622 1596 1674 alem]
1621 1626 1669 1661 In
1684 1620 1862 1662 Mediceo
1874 1620 2004 1663 codice

1194 1691 1270 1720 una
1281 1681 1364 1734 plus
1374 1680 1548 1720 dierione
1559 1677 1739 1733 scriptum
1766 1678 1818 1719 est
1831 1706 1844 1725 ,
1870 1681 1913 1720 ab
1934 1682 2004 1719 alto

1194 1737 1259 1776 efl.
1289 1737 1360 1777 Sed
1374 1738 1495 1791 magis
1508 1736 1764 1790 virgilianum
1775 1734 1829 1775 est
1843 1764 1856 1783 ,
1872 1746 1913 1776 ut
1925 1749 2008 1776 ver·

1195 1792 1288 1834 bum
1311 1794 1351 1835 id
1372 1791 1676 1848 subintelligatur
1709 1792 1860 1847 potius,
1890 1805 2005 1848 quam

1191 1849 1434 1892 adscribatur.
1469 1854 1628 1892 Pierius.

1247 1915 1329 1950 Tora
1350 1910 1395 1950 ab
1415 1909 1522 1961 alta]
1553 1907 1633 1962 Qui
1655 1905 1810 1961 gerebat
1826 1904 1864 1947 se
1875 1903 2002 1947 sacro-
2035 1925 2037 1927 ¹

1191 1978 1277 2005 rum
1291 1979 1421 2019 regem
1435 1994 1447 2012 ,
1470 1965 1718 2005 accumbebat
1730 1963 1835 2018 supra
1848 1977 1914 2004 om
1921 1967 2004 2013 nes,
2022 1978 2035 2005 s

1192 2022 1382 2064 Turnebo
1418 2022 1512 2063 teste
1533 2020 1678 2063 advers.
1701 2021 1769 2061 lib.
1785 2021 1825 2062 6.
1839 2034 1922 2074 cap.
1939 2034 2007 2063 2¹.

1192 2079 1294 2134 quod
1329 2079 1580 2122 illustriorum
1603 2075 1849 2134 personarum
1884 2079 2006 2119 lestu-

1193 2139 1219 2177 li
1244 2135 1390 2178 fuerint
1411 2138 1569 2178 altiores
1585 2165 1597 2185 ,
1642 2137 1682 2177 ὃς
1706 2136 1754 2176 ad
1779 2148 1846 2175 eos
1881 2135 2016 2191 gradi-¹

1198 2193 1267 2234 bus
1286 2192 1598 2238 adscendendum
1621 2190 1730 2234 fuisse
1753 2193 1886 2232 edocet
1897 2191 2037 2250 fiifiusfl

1201 2252 1331 2292 Ciacc.
1343 2251 1391 2292 de
1403 2253 1520 2293 Tricl.
1535 2266 1571 2305 p.
1582 2263 1641 2304 13·
1658 2251 1761 2290 Fulv.
1776 2248 1904 2291 Urfin.
1927 2261 2011 2291 non

1199 2308 1246 2348 ad
1259 2310 1507 2350 altitudinem
1520 2308 1600 2349 tori
1611 2306 1851 2364 referendum
1864 2303 1936 2347 effe
1954 2317 2012 2345 to·

1197 2383 1276 2406 rum
1298 2370 1409 2407 altum
1424 2395 1435 2413 ‚
1449 2364 1514 2406 sed
1524 2366 1573 2420 ad
1583 2366 1659 2406 loci
1671 2364 1915 2419 dignitatem,
1931 2375 2010 2418 quo

1197 2420 1463 2465 discumbebat
1475 2429 1615 2466 AEneas
1629 2440 1639 2470 3
1659 2435 1747 2462 eum
1761 2419 1846 2462 vide
1861 2435 1898 2475 p.
1913 2435 1932 2463 2
1944 2434 2009 2476 50,
2027 2471 2031 2474 ἡ

1199 2482 1406 2537 Emmeneffi

1258 2545 1368 2579 Pater
1378 2539 1543 2591 AEneas.]
1569 2538 1653 2576 Hoc
1675 2533 1836 2575 honoris
1862 2545 2010 2575 nomen

1201 2594 1268 2636 est.
1301 2598 1463 2636 Servius.
1571 2595 1575 2597 ’

1256 2653 1397 2705 Orfias]
1430 2651 1502 2691 Hic
1513 2649 1647 2702 coepit,
1663 2645 1757 2688 alibi
1768 2645 1919 2688 finivit:
1949 2655 2007 2694 ut,

1192 2708 1246 2759 fic
1259 2711 1439 2765 Juppiter
1449 2711 1554 2760 orfiaes.
1581 2705 1705 2745 Idem.

1258 2779 1294 2819 3.
1339 2766 1570 2817 Infandum]
1606 2762 1706 2817 Qia
1732 2763 1816 2806 viro
1836 2759 1930 2801 forti
1953 2757 2021 2804 viz„

1203 2822 1308 2863 stum
1321 2820 1359 2862 se
1373 2823 1513 2869 dicere,
1529 2824 1569 2862 ὃ(
1583 2820 1730 2860 doloris
1743 2819 1795 2860 est
1807 2847 1821 2866 ,
1838 2821 1878 2860 &
1892 2816 2011 2876 pudo·

1199 2880 1266 2919 tis.
1295 2880 1409 2921 Idem.
1974 2920 1976 2922 .
1996 2885 2002 2923 ᾗ

1255 2936 1485 2989 Infizndum]
1509 2933 1710 2989 Qioniam
1733 2930 1946 2987 gravissima
1970 2942 2011 2970 e-

1199 3005 1288 3035 rant
1311 2995 1356 3034 in
1378 2993 1560 3034 convivio
1583 2988 1772 3031 laetiffimo
1809 2986 2008 3034 narranda,

1201 3064 1284 3091 non
1297 3050 1421 3092 aliena
1433 3050 1547 3097 mala,
1561 3047 1623 3090 sed
1637 3045 1696 3088 sua
1713 3045 1903 3087 narrabat.
1933 3051 2008 3084 Do-

1199 3121 1322 3148 natus.

1253 3164 1412 3224 Jahn]
1439 3163 1529 3207 Vis:
1554 3174 1597 3205 ut
1609 3193 1621 3212 ‚
1637 3161 1761 3218 Jubeo
1776 3161 2000 3254 Εὐνεηῑρῖέπϊ.

1948 3224 2011 3253 am
