2037 3787
460 111 519 175 AE
550 134 592 172 N
622 132 858 186 13:1,2Do
891 131 917 171 s
979 117 1292 180 4Ι;.ΪΒ.’“ΣΙῙ.

1600 126 1714 198 433

147 218 219 277 Et
234 214 633 293 direptad‘omus
653 221 691 278 ‚'
707 220 758 272 δε
779 215 924 291 parvi
937 213 1075 273 casus
1096 220 1209 279 Iuli.
1244 266 1247 270 .

151 298 394 375 Respicio
412 335 429 362 ‚
464 303 517 355 &
548 318 659 376 qua:
673 295 731 352 fit
750 318 835 353 me
853 298 1044 355 circum
1063 303 1212 379 copia
1228 298 1406 361 lustro-

31 389 134 461 5-65
154 380 446 439 Deseruere
465 400 650 436 omnes
669 375 846 436 defeffi
865 419 880 444 ‚
920 389 972 439 δέ
990 403 1210 460 corpora
1223 381 1351 451 saltu

150 464 241 522 Ad
256 459 441 519 terram
463 459 646 518 misere
662 501 678 527 ‚
709 479 793 518 aut
808 463 1010 541 ignibus
1031 487 1162 545 aegra
1177 465 1384 526 dedere.

157 551 380 625 Jamque
397 543 529 602 adeo
546 542 577 601 s
569 565 691 626 uper
710 566 833 601 unus
851 565 991 603 eram
1013 571 1025 603 :
1057 569 1172 606 cum
1191 549 1370 605 limina
1388 545 1566 608 Vestae

1580 633 1700 686 Ser-

22 721 118 765 quot
132 710 215 749 aliis
226 709 502 764 exemplaribus
514 711 638 764 legere
649 708 716 756 est,
732 711 834 763 fitbt‘t
892 725 1003 751 mero
1017 701 1205 768 singulari,
1237 725 1277 754 ut
1292 710 1482 754 Sallustius
1497 713 1518 739 *
1534 716 1604 752 Con
1616 720 1703 752 Ser-

19 773 77 811 &
99 767 247 819 defirta.
279 781 402 822 neque
423 768 628 807 dicendum
652 769 828 807 ultimam
886 772 991 809 torios
1016 787 1125 825 neque
1136 787 1284 826 rumper.
1320 773 1358 810 ὅ(
1373 783 1422 808 an
1438 768 1531 806 Levi
1543 771 1697 822 copiam

15 822 66 862 in
88 826 181 871 fitbit
205 838 250 864 ex
274 823 438 878 synaetefi
461 828 619 878 longam
633 821 704 863 ess'e
720 851 736 870 ‚
765 825 829 877 qui

18 879 228 920 viderimus
238 879 402 934 superius
413 879 580 930 ejusdem
591 880 726 921 forma:
737 893 832 933 prae-

21 937 181 977 teritum
206 951 420 992 correptum
441 955 450 978 :
481 939 625 978 Hecfhre
648 942 710 992 qui
735 937 828 976 redit

17 995 173 1035 exuvias'
184 995 333 1035 indutus
347 996 522 1037 Achillis.
568 994 627 1034 Ibi
640 996 747 1034 enim
761 1007 827 1046 pro

17 1050 165 1107 rediit„
178 1051 298 1092 dubio
322 1054 450 1105 procul
463 1051 623 1106 positum
637 1052 688 1090 est
700 1049 827 1105 biffi'l·

17 1106 152 1147 labum
163 1109 268 1148 redit.
301 1109 352 1148 est
364 1122 452 1149 veto
466 1107 636 1149 venustas
647 1108 770 1162 aliqua
783 1109 826 1147 in

20 1175 64 1202 ea
75 1166 307 1218 repetitione
320 1169 460 1218 copula:
474 1180 483 1204 :
513 1172 558 1206 Et
571 1165 705 1218 desbrta
719 1171 828 1211 Creu-

9 1222 58 1273 siz
80 1249 92 1266 ‚
114 1230 166 1266 (9·
188 1223 329 1277 direpta
353 1225 498 1263 domm.-
529 1234 746 1276 quanquam
761 1234 825 1260 ne-

20 1279 453 1331 queilludinvenustum
469 1307 479 1325 ,
509 1279 614 1333 quod
624 1275 762 1332 absque
775 1285 825 1322 ξφ
848 1323 850 1325 ,

7 1336 121 1386 stabiit
135 1363 149 1383 ,
182 1335 436 1388 Trifyllabum
461 1337 503 1376 in
516 1332 701 1389 plerisque
712 1334 827 1375 habe-

17 1400 78 1429 tur
89 1392 380 1444 exemplaribus.
394 1392 587 1432 Habemus
601 1392 741 1432 veroin
756 1404 805 1430 an
815 1413 826 1418 -

9 1447 142 1501 siquis
165 1451 316 1503 aliquot
338 1449 532 1489 codicibus
559 1451 770 1489 lectionem
784 1461 823 1488 a·

5 1503 140 1550 ‚liam‚
166 1518 205 1545 ut
229 1510 369 1559 direpta
390 1507 535 1553 domus,
564 1505 636 1545 hoc
646 1505 698 1548 est
713 1535 724 1552 ‚
756 1519 822 1545 ve-

19 1561 82 1601 nit
105 1563 148 1601 in
174 1564 405 1602 memoriam
429 1562 592 1610 domm,
623 1574 663 1602 ut
678 1562 824 1613 direpta

15 1630 63 1658 ea
74 1619 211 1673 quippe
223 1617 356 1672 specie,
385 1633 458 1674 qua
470 1621 618 1671 direpta
631 1617 824 1658 effetffali

11 1686 105 1715 seam
117 1677 287 1730 imagine
299 1678 471 1728 concepi.
501 1679 665 1730 Aliquot
676 1677 741 1716 alii
752 1689 824 1715 co-

14 1731 119 1772 dices
131 1761 147 1781 ,
175 1741 229 1778 (9-
249 1733 388 1787 defhrta
406 1735 552 1786 legunt.
586 1734 657 1772 Sed
671 1733 744 1772 hoc
756 1746 822 1786 pa—

12 1801 107 1830 1um
118 1791 161 1829 in
171 1792 509 1831 tanta-calamitate
531 1804 541 1828 :
567 1790 824 1846 Qarelonge

9 1847 159 1888 melius
180 1847 334 1903 direpta.
365 1849 555 1902 Loquitur
579 1861 670 1888 vero
696 1848 757 1886 hic
780 1861 824 1886 ex

20 1904 172 1956 Epicuri
185 1902 373 1944 sententia
388 1933 399 1951 ,
413 1906 477 1959 qui
489 1906 668 1944 omniurn
680 1917 826 1950 rerum,

6 1972 99 2015 ⁴quae
108 1962 240 2001 nostrae
250 1961 456 2003 infidetent
466 1961 831 2016 cogitationiffimu-

11 2017 111 2058 lacta
124 2018 416 2073 confingebant,
444 2032 562 2074 eaque
573 2019 619 2059 ad
629 2018 825 2059 cerebrum

16 2075 223 2115 volitantia
233 2074 370 2129 species
381 2074 546 2122 offerre,
577 2074 713 2131 quibus
737 2089 826 2129 pra:-

12 2130 99 2171 dita
120 2129 264 2173 essent:
293 2134 601 2188 memoriamque
625 2135 665 2173 &
679 2134 830 2185 excogi-

2 2189 212 2229 tationem
239 2202 322 2229 non
347 2191 502 2230 aliunde
526 2192 568 2230 in
595 2189 713 2229 nobis·
737 2188 823 2230 effe.

8 2243 529 2300 -Qaelesti‘ofifaciatsstis,
557 2259 639 2286 non
664 2247 737 2287 erit
763 2247 848 2286 di-'

14 2302 182 2342 cendum
195 2304 436 2356 participium
447 2300 518 2343 effi:
529 2316 600 2355 pro
611 2304 827 2355 participio.

9 2361 70 2399 Et
97 2362 248 2415 Direpta
270 2359 432 2412 pofitum
447 2387 461 2408 ‚
489 2372 558 2411 pro
571 2361 774 2413 diripienda
789 2371 829 2400 ut

13 2417 278 2460 ,Grammatici
288 2414 531 2458 comminisci
540 2428 740 2472 coguntur.
749 2421 832 2457 Pie·

14 2488 109 2515 nus·

19 2563 23 2567 .
75 2529 171 2582 563.
202 2530 344 2583 afim]
366 2528 666 2578 Autinteritus,
693 2541 831 2570 autca-

8 2586 190 2642 -ptivitas.
220 2591 376 2628 Servius.

10 2669 18 2676 ·
78 2646 350 2698 Etparvicasus
365 2644 471 2696 lunt]
507 2643 572 2683 Ad
595 2641 827 2697 φιλοςυρῃᾶιω

12 2703 148 2743 AEneae
156 2713 242 2741 curn
258 2698 427 2741 Ascanio
440 2713 597 2742 notetur
610 2702 715 2740 locus
739 2702 826 2739 Plu·

8 2757 194 2798 tarchiiu
207 2757 345 2798 libello
375 2757 732 2804 &a‘qr‘osztz‘aeb
760 2756 826 2798 ubi

9 2813 100 2861 nir,
128 2815 311 2854 animalia
322 2816 481 2861 omnia,
511 2828 590 2868 quae
605 2827 822 2858 unumtan-

16 2881 102 2912 tum
124 2871 313 2925 gignunt,
343 2873 489 2925 prolem
504 2870 608 2912 suam
623 2872 828 2911 vehemen-

17 2927 96 2968 tius
118 2940 273 2974 amate,
304 2928 496 2982 &probat
507 2928 731 2968 testimonio
746 2933 827 2967 Ho-

15 2984 116 3025 meri
129 3013 142 3032 ,
171 2984 236 3040 qui
258 2984 382 3025 filium
406 2983 531 3026 solum
557 2997 691 3025 natum
716 2997 827 3026 vocat

15 3039 197 3093 ἀ’νιπκἾὸν
210 3042 389 3090 ,charum
423 3044 562 3082 Cerda.

72 3098 166 3154 564.
201 3099 344 3156 Copia]
372 3100 622 3141 De-exercitu
645 3098 826 3142 dixitnu-

151 3162 184 3198 T
180 3172 244 3196 om.
277 3161 349 3198 11.

889 824 1047 866 avibus:
1085 832 1187 868 Cum
1212 831 1322 881 capitu
1358 827 1404 865 de
1431 826 1596 865 exercitu
1625 839 1699 864 nu-

891 896 999 921 mero
1014 884 1144 935 plurali
1157 885 1342 925 dicamus.
1380 886 1488 937 Copia
1502 895 1592 923 vero
1605 884 1702 922 alia-

887 952 974 980 tum
987 953 1112 981 rerum
1126 941 1181 981 fit.
1216 944 1375 980 Servius.

945 999 1090 1051 Copia-j
1120 1001 1209 1038 Non
1222 997 1408 1037 devotant
1421 994 1694 1041 Grammatici,

889 1065 979 1092 nam
990 1057 1091 1108 copiae
1105 1083 1117 1101 ‚
1149 1057 1276 1102 ajunt,
1303 1052 1511 1093 dicendum
1522 1049 1607 1090 fuit.
1625 1051 1698 1091 sed
1772 1058 1774 1060 ’

888 1107 1008 1150 sciant
1031 1110 1089 1150 isti
1107 1139 1118 1157 ,
1144 1110 1230 1151 usos
1254 1110 1322 1150 hac
1347 1121 1440 1150 voce
1464 1106 1697 1161 infingulari

888 1179 957 1218 pro
982 1169 1150 1208 exercitu
1173 1168 1345 1210 Tullium
1371 1164 1442 1205 lib.
1460 1165 1497 1205 8.
1511 1165 1558 1203 ad
1572 1166 1696 1204 Attic.

885 1223 990 1275 epist.
1012 1239 1072 1274 ¹7-
1090 1227 1130 1265 &
1149 1239 1164 1266 t
1178 1240 1209 1265 r.
1241 1223 1456 1264 sallustium
1471 1222 1512 1259 in
1529 1222 1694 1263 Catilin.

880 1281 1116 1325 ,Suetonium
1131 1284 1173 1322 in
1188 1279 1359 1336 Augusto
1374 1308 1386 1326 ,
1418 1285 1632 1318 Varronem
1658 1294 1698 1331 3.

883 1349 1010 1378 retum
1024 1338 1277 1378 humanarum
1293 1366 1303 1383 ,
1318 1349 1432 1392 quem
1445 1336 1536 1374 citat
1549 1334 1698 1374 Probus

882 1393 924 1432 in
943 1407 976 1445 3.
986 1397 1170 1449 Eclogam
1182 1392 1559 1448 Virgilii‚virgilium
1571 1389 1696 1444 ipsum

883 1450 927 1489 in
942 1454 1090 1492 Culice.
1120 1452 1302 1492 Abstinui
1318 1448 1339 1490 Ξ
1351 1449 1475 1491 verbis
1493 1477 1503 1494 ,
1515 1461 1606 1488 nam
1623 1449 1698 1487 haec

882 1510 960 1551 iam
973 1510 1038 1548 alii
1050 1510 1298 1549 advocarunt.
1326 1507 1489 1548 Adduco
1514 1507 1702 1549 Animis-

887 1577 978 1605 num
996 1595 1007 1611 ,
1037 1580 1153 1620 quem
1180 1567 1246 1605 alii
1269 1578 1409 1605 tacent.
1442 1563 1513 1604 Ille
1535 1561 1608 1601 lib.
1628 1575 1690 1615 19.

881 1621 936 1660 ita
962 1624 1040 1663 ait:
1071 1624 1223 1665 Arde'm
1245 1625 1342 1677 copia
1369 1621 1552 1676 nostrorum
1564 1622 1698 1674 erupit,

879 1681 955 1717 iras
994 1683 1030 1719 in
1066 1679 1190 1733 hostem
1211 1678 1385 1736 perfidum
1408 1693 1565 1735 parans,
1609 1683 1692 1720 &a

882 1735 1021 1775 Cerda.

943 1794 1031 1846 565.
1066 1795 1256 1846 Deseruere
1279 1792 1430 1842 omnem]
1457 1787 1598 1830 Defeffi
1624 1788 1699 1827 do·-

880 1849 988 1896 lore,
1019 1863 1088 1889 vos
1103 1863 1184 1888 non
1204 1847 1459 1889 'accusationis
1475 1875 1489 1895 ‚
1517 1845 1563 1885 fic
1586 1846 1697 1886 enim

881 1903 917 1946 se
933 1902 1133 1961 purgktmt
1145 1908 1243 1946 alios
1255 1919 1339 1946 non
1353 1906 1476 1957 culpet
1493 1919 1502 1943 z
1531 1903 1697 1942 dicendo

1671 1955 1690 1970 x
1756 1958 1759 1959 γ

883 1977 1014 2004 autem
1038 1964 1161 2016 defhssi
1178 1990 1193 2011 ,
1219 1964 1339 2003 etiam
1365 1963 1454 2002 illos
1467 1958 1634 2008 excusat,
1671 1972 1698 2000 a

883 2021 1020 2076 quibus
1032 2018 1199 2062 desertus
1211 2019 1276 2061 est.
1307 2023 1467 2060 Servius.

910 2103 912 2106 ·
939 2078 1028 2130 566.
1063 2081 1208 2134 Ignibus
1222 2092 1313 2132 aegra
1325 2077 1465 2116 dedere.
1477 2072 1586 2127 ]P0st
1601 2073 1702 2114 hunc

885 2133 1031 2175 versum
1045 2165 1057 2182 ,
1091 2137 1129 2176 hi
1144 2131 1264 2174 versus
1277 2133 1430 2174 fuerunt
1443 2161 1456 2180 ,
1488 2144 1584 2187 quos
1596 2135 1700 2171 Tuc-

884 2205 932 2231 ca·
952 2194 992 2232 &
1016 2199 1133 2234 Varus
1157 2191 1275 2232 obliti
1288 2188 1373 2230 sunt
1386 2219 1400 2240 ,
1431 2190 1595 2245 Jamque
1608 2187 1696 2227 adeo

875 2252 985 2302 sicper
1009 2263 1092 2290 unus
1117 2265 1239 2295 eram,
1266 2254 1346 2293 &a
1376 2243 1500 2287 versus
1513 2246 1621 2285 enim
1634 2257 1697 2284 te—

884 2306 962 2346 fert·
979 2303 1128 2359 *usque
1141 2306 1268 2351 illum,
1300 2306 1398 2345 Talia
1407 2304 1697 2358 jaffabam‚&c.

889 2367 937 2402 In
949 2362 1088 2416 quibus
1101 2363 1155 2401 hae
1168 2363 1276 2402 vatiae
1298 2361 1489 2401 lectiones
1503 2386 1518 2407 ,
1546 2366 1699 2399 Perme-

881 2431 983 2458 tuens
1009 2424 1117 2473 Trojae
1141 2435 1190 2459 m:
1216 2435 1247 2459 s.-
1273 2421 1529 2457 Praemctuens
1540 2418 1587 2454 T.
1620 2419 1700 2456 aris

883 2476 1064 2528 invifiem:
1076 2492 1111 2515 s:
1129 2471 1389 2528 Argisinvisa.
1417 2475 1553 2529 Regina
1565 2474 1697 2513 trium-

881 2533 947 2587 pho
960 2549 1013 2571 m.-
1024 2548 1058 2572 s:
1089 2537 1265 2586 Regnata
1278 2529 1507 2582 Triumpho.
1537 2529 1696 2569 Sudavit

848 2599 850 2603 ’
877 2592 1050 2643 fimguine
1073 2606 1126 2629 m:
1147 2606 1182 2629 s:
1207 2588 1354 2628 Sudarit
1367 2585 1470 2639 sung.
1503 2591 1575 2626 Nec
1586 2586 1694 2626 habet

885 2648 1045 2685 viHoria.
1060 2662 1156 2686 nus.-
1184 2644 1310 2685 Habet
1325 2644 1398 2684 haec
1410 2643 1694 2683 vianna-Sum-

880 2705 960 2756 fiffi
986 2706 1149 2743 merentis
1174 2717 1272 2743 mm.-
1301 2697 1470 2747 sumsisse
1483 2711 1696 2739 merentes.

889 2762 1034 2802 Ultricis
1047 2760 1217 2812 flamma.
1248 2776 1300 2799 m.-
1327 2776 1357 2798 5:
1385 2757 1545 2798 Ultric'ls
1569 2755 1696 2797 famoe·

885 2825 1012 2859 Mente
1012 2817 1165 2868 fhrebar.
1197 2814 1532 2869 Menteloquebar.
1552 2814 1666 2854 Idem.

944 2875 1034 2923 567.
1065 2874 1232 2928 Jamque
1244 2874 1437 2925 adeoficper
1449 2888 1537 2911 unus
1550 2870 1692 2921 erasm]

887 2935 978 2970 Du'o
991 2932 1055 2971 illa
1071 2934 1108 2970 ὃς
1136 2930 1275 2984 viginti
1296 2930 1466 2969 carmina
1481 2957 1492 2976 ,
1524 2942 1603 2981 qux
1626 2927 1695 2968 de-

885 2990 1004 3034 traCta
1017 2986 1089 3027 effe
1098 2988 1247 3027 constat
1261 3012 1274 3033 -,
1302 2988 1342 3026 in
1361 2988 1468 3026 nullo
1478 2999 1521 3025 ex
1533 2987 1580 3024 iis
1593 2996 1700 3026 vete-

886 3044 991 3085 ribus
1013 3045 1210 3085 codicibus
1228 3072 1239 3090 ,
1266 3057 1362 3098 quos
1376 3040 1565 3083 versamus
1583 3070 1595 3089 ,
1627 3043 1694 3082 ha-

887 3099 1038 3145 bentur.
1071 3104 1212 3157 placuit
1236 3099 1593 3143 tamennonnullis
1615 3101 1696 3139 im·

1275 3160 1306 3197 E
1320 3170 1342 3199 e
1563 3154 1708 3212 presso-
