2037 3787
299 147 425 210 434

729 124 1518 189 .P.V1Re11.11
1821 201 1828 205 ..

435 233 739 291 Servantem
764 269 782 298 ‚
817 229 874 291 &
890 232 1101 290 tacitam
1118 227 1311 290 secreta
1324 230 1378 289 in
1393 226 1512 294 sede
1527 227 1779 288 latentem

1835 312 1995 392 Tyn-

313 428 544 490 pressoribus
556 451 600 478 ea
615 438 832 492 publicare:
848 443 1029 481 Donatus
1042 449 1130 495 por·
1184 437 1289 479 fama
1313 439 1366 480 est
1382 469 1393 488 ,
1418 439 1593 492 tejestos.
1628 444 1734 481 Cum
1749 468 1761 486 ‚
1788 439 1877 494 quia
1888 450 1999 493 turpe
2017 476 2020 479 .

311 506 355 534 10
370 496 421 533 ita
436 507 480 533 ea
495 493 761 546 diffimulavit‚
777 510 818 537 ut
830 495 1028 538 sententiae
1041 511 1136 539 con-

309 551 574 594 tinuationem
609 555 727 608 longe
766 554 880 594 aliter
917 557 1106 608 acceperit
1123 583 1134 600 ,

314 619 432 662 quam
445 607 605 648 fecerint
619 611 697 650 alii.
739 614 792 649 Ea
804 612 943 665 quippe
955 613 1003 652 de
1016 611 1135 652 causta

314 667 482 705 AEneam
504 693 516 712 ‚
551 666 684 706 dextra
699 666 926 720 prehensum
944 666 967 709 a
993 680 1138 718 matre,

316 731 549 761 contentum
564 720 637 763 esse
651 752 663 770 ,
693 721 831 777 neipse
843 723 909 763 fibi
926 752 940 772 ‚
967 728 1073 780 quod
1089 729 1131 765 in

313 787 483 818 extrema
508 792 554 818 ea
577 792 706 821 rerum
731 779 999 834 desperatione
1022 784 1136 837 pleri-

312 846 390 889 que
422 833 621 884 fecerant,
651 849 820 878 mortem
855 838 1132 880 conscisceret:

313 904 393 946 quo
416 893 505 932 loco
530 894 712 934 Auctoris
738 894 849 947 ipsius
862 896 976 936 verba
989 911 1135 950 ponere

314 961 400 989 non
411 949 540 1005 pigeat
553 978 567 999 ‚
596 951 663 992 ubi
677 950 806 993 versus
819 951 890 993 hos
901 954 1135 1009 interpreta-

318 1014 392 1046 tur.

371 1068 572 1119 ,Deseruere
595 1080 713 1106 omnes
733 1065 858 1120 defhssi
871 1094 887 1117 ‚
912 1072 966 1113 ἕν
993 1080 1135 1124 corpora

506 1122 611 1173 fizltu

378 1175 452 1217 Ad
476 1190 611 1217 terram
635 1180 758 1232 misere
774 1207 788 1227 ‚
811 1190 876 1220 aut
897 1181 1035 1238 ignibus
1044 1194 1136 1237 aegra

510 1234 656 1275 dedere.

373 1295 461 1330 Tum
473 1291 561 1329 mihi
570 1295 619 1341 sb,
636 1309 703 1331 non
713 1305 796 1333 ante
810 1295 916 1336 oculis
930 1304 1007 1336 tam
1021 1298 1133 1343 clara,

501 1349 697 1389 videndam

374 1403 537 1450 Obtulit,
568 1411 619 1450 (φ
636 1421 730 1461 pura
746 1421 814 1464 per
838 1406 971 1448 nonem
997 1410 1037 1448 in
1059 1410 1134 1449 luce

510 1464 646 1513 refulfit

371 1519 494 1559 ‚Alma
510 1524 644 1559 Parem
655 1549 670 1569 ‚
685 1522 833 1577 confbffiz
843 1525 962 1562 Deam
976 1549 990 1569 ,
1004 1524 1131 1578 qualis-

499 1591 565 1629 que
577 1576 697 1616 videri

373 1634 405 1671 C
405 1632 545 1671 oelicotis
557 1661 569 1678 ,
597 1639 650 1678 (y
660 1637 903 1689 quantasolet‚
918 1633 1120 1692 dextraque

499 1690 706 1743 prehensam

373 1745 567 1785 Continuit.
585 1750 738 1803 rofioque
750 1748 821 1788 haec
830 1750 969 1804 infhper
981 1748 1131 1790 addidit

512 1819 583 1843 57²8.
885 1839 888 1841 .

315 1853 431 1895 Dixit
454 1870 597 1899 omnes
618 1859 815 1901 deseruisse
828 1860 934 1916 quod
948 1860 1130 1914 agebant,

312 1924 434 1965 quum
449 1915 704 1957 defenderent
716 1918 878 1958 domum
894 1919 1059 1965 Priami,
1091 1922 1131 1960 δε

314 1967 356 2008 id
382 1968 515 2013 frustra
536 1973 717 2015 facerent.
749 1972 833 2028 Ipse
845 1989 922 2029 quo
936 1975 1058 2016 modo
1071 1989 1133 2016 re-

319 2024 469 2069 cesserit
484 2058 496 2077 ,
511 2031 629 2071 dicit:
660 2045 711 2073 ne
735 2032 907 2073 videatur
922 2033 1041 2073 etiam
1055 2031 1134 2086 ipse

319 2085 449 2136 operis
460 2086 592 2129 labore
604 2088 784 2144 fatigatus
808 2086 1002 2130 receffiffe:
1031 2094 1132 2131 Om-

314 2152 386 2180 nes
407 2142 764 2198 inquitlaborando
777 2144 863 2188 feffi
878 2175 891 2194 ,
922 2145 1053 2188 &fine
1063 2147 1133 2187 ali-

312 2208 389 2252 qua
413 2203 584 2243 utilitate
608 2203 791 2244 certando
815 2203 960 2244 debiles
972 2204 1131 2253 redditi,

313 2254 434 2296 taedio
454 2258 690 2300 adversarum
714 2275 844 2301 rerum
867 2261 971 2301 mori
987 2264 1132 2303 malue-

313 2324 432 2353 runt:
462 2318 502 2357 ὅτ.
526 2317 718 2371 duplicem
742 2319 968 2359 voluntariae
991 2320 1132 2360 mortis

314 2370 557 2414 occafionem
582 2376 685 2416 uasti
701 2404 715 2423 ,
743 2389 831 2416 cum
855 2375 1022 2416 altitudo
1045 2390 1130 2419 non

296 2425 454 2469 >deesset
469 2457 483 2479 ‚
516 2433 557 2473 δε
598 2431 777 2473 incendia
813 2433 1128 2482 dominarentur,

314 2495 383 2525 aut
404 2489 612 2542 praecipites
635 2490 822 2531 dederant
845 2487 921 2530 sese
936 2518 948 2537 ‚
979 2502 1045 2530 aut
1057 2504 1122 2545 pe-

310 2540 458 2584 tierant
469 2545 660 2586 flammas:
689 2560 738 2587 ne
751 2549 790 2588 ὃ(
803 2544 883 2601 ipse
895 2548 1057 2588 alterum
1069 2547 1128 2589 fa-

313 2610 458 2647 cerem,
473 2603 662 2658 aut,quod
674 2602 864 2658 supererat
876 2605 1129 2652 tertium‚ho-

316 2653 384 2694 stis
397 2659 589 2701 occideret
601 2672 889 2702 remanentem:
901 2666 1027 2702 Mater
1041 2677 1128 2704 mea

315 2723 400 2753 non
413 2742 425 2761 ,
442 2728 483 2755 ut
493 2716 614 2758 facere
624 2717 796 2766 solebat,
822 2719 937 2760 dubia
953 2747 965 2766 ,
987 2731 1053 2760 aut
1066 2720 1127 2760 in-

309 2781 411 2810 certa
425 2799 441 2820 ,
464 2772 529 2814 sed
543 2775 785 2816 manifestior
797 2777 958 2816 veniens
972 2804 984 2822 ‚
999 2790 1064 2816 me
1075 2776 1125 2817 ab

308 2825 395 2879 ipsis
407 2829 719 2874 inefficaciffimis
742 2831 891 2874 actibus
909 2836 1121 2876 revocavit.

312 2887 475 2929 Pierius.

368 2941 537 2998 Jamque
560 2946 670 2995 adeo,
696 2943 806 3000 Cyn]
838 2950 956 2994 Sunt,
985 2947 1051 3003 qui
1066 2945 1122 2989 sc.-

310 3008 474 3050 quentes
496 3016 606 3044 xxm.
634 3002 760 3044 versus
784 3005 998 3051 omittant,
1030 3017 1070 3047 ut
1092 3005 1113 3047 Ξ

310 3054 440 3096 Plotio
464 3061 613 3107 Tucca,
647 3063 688 3101 &
713 3065 756 3101 L.
773 3066 874 3103 Varo
889 3089 905 3110 ,
928 3075 1025 3117 quos
1050 3068 1115 3103 ffi-

1188 495 1231 535 fit
1244 497 1328 538 viro
1339 496 1434 538 forti
1445 499 1618 539 foemiuae
1630 496 1735 537 irasci
1751 509 1760 534 ε
1784 508 1867 537 tum
1885 525 1895 542 ,
1911 498 2001 552 quia

1189 552 1246 592 his
1257 557 1447 595 contraria
1459 555 1650 603 dicantur,
1664 558 1818 595 vnffin.
1836 549 1923 604 fl's·5
1938 567 1999 594 ιο.

1187 614 1317 650 Omnia
1338 613 1513 668 Deiphobo
1525 612 1674 666 ftlvisli.
1706 617 1847 650 Verum
1872 609 2002 649 enim-

1190 679 1279 706 vero
1305 670 1456 708 Servius
1479 670 1585 712 Fu1d‚
1601 669 1670 708 hos
1683 666 1808 708 versus
1822 679 1903 705 non
1915 666 2002 722 qui-

1189 723 1280 763 dem
1318 726 1480 775 rejectos
1515 727 1608 766 dicit
1630 752 1644 773 ‚
1674 723 1738 765 sed
1764 729 1930 764 Tuccam
1957 726 2000 764 δε

1191 786 1331 821 Varum
1356 795 1492 823 eorum
1529 782 1690 822 oblitos.
1722 784 1827 836 quod
1867 792 2000 820 verum

1186 835 1339 879 censeo.
1382 845 1431 879 Et
1454 852 1523 880 eos
1545 842 1670 880 Poetae
1692 850 1903 893 germanos
1927 833 2001 878 esse

1186 892 1423 937 solidiffimis
1448 897 1632 936 evincunt
1656 896 1892 950 argumentis
1914 899 1998 935 Nic.

1187 953 1391 1005 Erythraeus
1415 981 1427 1001 ,
1461 956 1568 1007 Naft.
1596 955 1873 1005 Nasiimbaenius
1902 969 1913 999 3
1957 952 1999 990 &

1186 1020 1317 1061 praeter
1352 1023 1492 1050 omnes
1532 1012 1704 1063 Fraricfi.
1732 1016 1929 1065 Campanus
1951 1006 2000 1048 ad
2028 1035 2032 1046 ,-

1187 1067 1391 1107 Herculem
1421 1071 1677 1121 Gonzagam:
1705 1066 1809 1120 quod
1832 1061 2002 1118 Opuscu-
2019 1070 2035 1119 J

1185 1123 1269 1162 lum·
1282 1127 1401 1166 Henr.
1418 1125 1630 1177 stephanus
1641 1122 1778 1170 edidit,
1790 1135 1880 1163 cum
1892 1126 2003 1178 Qae-
2022 1121 2035 1162 s'

1181 1180 1266 1230 fitis
1282 1195 1349 1235 per
1370 1183 1551 1238 Epzstolam
1577 1183 1681 1238 Jam'
1692 1179 1872 1230 Parrhasii
1888 1190 1899 1216 ε
1921 1190 1999 1233 quo
2015 1151 2035 1236 ἔ

1187 1239 1421 1278 Auditorem
1444 1237 1597 1292 ablego.
1627 1237 1775 1278 Unicus
1799 1247 1925 1282 nune,
1959 1237 2005 1277 &
2024 1243 2033 1265 2³

1186 1294 1251 1347 qui
1264 1294 1381 1335 instar
1393 1296 1574 1336 omnium
1597 1293 1640 1334 fit
1655 1322 1671 1343 ‚
1693 1294 1866 1334 audiatur
1892 1296 1927 1348 J.
1944 1295 1998 1334 C.

1188 1352 1351 1405 Scaliger
1362 1351 1433 1392 lib.
1451 1366 1487 1406 3.
1500 1365 1580 1406 cap.
1598 1365 1614 1392 1
1628 1366 1660 1392 r.
1675 1352 1860 1390 Poetices:
1873 1357 2004 1390 Gram-

1187 1410 1345 1448 maricula·
1358 1437 1372 1458 ,
1386 1408 1529 1464 inquit,
1546 1409 1611 1463 qui
1624 1408 1734 1448 hosce
1747 1404 2000 1468 luculentiss—

1186 1477 1276 1504 mos
1311 1465 1664 1520 operofissimosque
1689 1462 1811 1504 versus
1836 1462 2005 1504 iublatos
2020 1470 2037 1498 ’κ

1185 1520 1340 1562 voluere
1365 1552 1380 1571 ‚
1421 1522 1637 1576 vulgaribus
1665 1523 1763 1561 moti
1788 1519 2037 1572 affectibus,

1184 1577 1374 1632 ignoratis
1386 1580 1600 1620 rationibus
1617 1598 1627 1627 3
1655 1579 1851 1634 Justitiam
1865 1578 1912 1616 de
1928 1581 1993 1617 Sa-

1184 1636 1314 1688 piente
1329 1636 1395 1678 suo
1408 1637 1657 1678 abstulerunt„
1689 1636 1880 1688 Ideml.3.
1894 1646 1998 1686 c.23.
2029 1689 2031 1695 Α

1185 1696 1333 1740 Oratio,
1359 1695 1512 1748 inquit,
1543 1701 1654 1735 AEneae
1667 1691 1917 1732 deliberativa
1929 1692 2000 1733 est.
2026 1711 2030 1731 ;

1185 1752 1428 1804 Ponitigitur
1439 1749 1626 1792 suasiones
1637 1748 1684 1789 ad
1697 1748 1835 1789 caedem
1852 1777 1865 1796 ,
1880 1760 1997 1802 quam
2023 1751 2029 1797 <J

1185 1808 1467 1849 meditabatur:
1489 1821 1602 1863 atque
1627 1819 1689 1847 eas
1715 1819 1872 1860 magnas
1895 1802 1998 1846 sane.
2018 1811 2029 1862 ζ,

1182 1866 1355 1905 Occiderit
1381 1868 1576 1909 Priamus?
1600 1877 1786 1919 magnum
1810 1863 1862 1903 est
1874 1874 2000 1904 carere
2017 1893 2029 1898 „⁴

1183 1922 1373 1976 Principe.
1404 1923 1645 1976 addit‚ferro.
1675 1921 1918 1975 Qidpatriae
1931 1932 1994 1960 ex-
2022 1937 2027 1974 j

1183 1975 1369 2022 scidium?
1402 1980 1506 2026 Quid
1537 1978 1773 2020 Dardanium
1798 1978 1917 2018 toties
1938 1974 2001 2017 su-

1184 2033 1286 2077 daffe
1310 2038 1400 2078 litus
1425 2035 1635 2092 sanguine?
1668 2035 1772 2090 Quid
1786 2036 1928 2076 mirum
1943 2031 1998 2102 31⁸si
2015 2057 2032 2093 >ι

1186 2105 1261 2132 una
1283 2105 1436 2147 pereat3
1467 2105 1623 2148 propter
1636 2106 1753 2148 quam
1766 2104 1826 2133 tot
1839 2095 2025 2132 interm-²

1184 2156 1252 2192 te?
1278 2153 1319 2191 δε
1346 2165 1432 2192 cum
1456 2153 1534 2192 illis
1557 2151 1634 2191 duo
1660 2161 1787 2191 rerum
1814 2150 1997 2189 omnium
2022 2166 2031 2205 ¹÷

1184 2208 1504 2258 maxima3Pudor
1516 2207 1760 2248 acLibertas.
1794 2212 2006 2253 Matronae,
2033 2236 2037 2248 .

1183 2263 1336 2319 inquit,
1369 2266 1504 2306 nostrae
1527 2263 1636 2306 servae
1662 2268 1800 2306 erunt?
1827 2263 1900 2304 haec
1929 2275 1999 2304 ea·-

1182 2333 1269 2362 tum
1281 2324 1354 2364 erit
1365 2323 1529 2364 domina
1543 2328 1557 2366 ³
1587 2321 1774 2364 Rationes
1787 2322 1828 2361 in
1841 2331 1998 2360 contra-

1180 2378 1306 2420 rium:
1333 2382 1506 2422 Faeminae
1529 2390 1658 2420 autem
1672 2392 1777 2418 mors
1792 2391 1874 2418 non
1886 2377 1996 2419 decet

1182 2438 1305 2477 virum
1328 2437 1507 2479 fortem-
1532 2438 1684 2478 Solutio
1706 2434 1995 2484 objeuiomm.

1180 2494 1390 2551 Exstinxzffi»
1413 2500 1512 2547 nefas
1527 2513 1541 2535 .·
1570 2508 1652 2535 non
1675 2492 1872 2533 faeminam
1889 2520 1902 2538 ‚
1925 2489 1992 2534 sed
2024 2509 2027 2525 ι

1178 2552 1327 2592 crimen
1354 2572 1365 2601 ³
1401 2554 1570 2607 pertinet
1593 2551 1640 2591 ad
1666 2551 1791 2591 virum
1821 2548 1987 2606 Justum:

1183 2609 1416 2663 Supplicium
1429 2622 1559 2651 autem
1573 2606 1718 2649 sumere
1732 2606 1781 2648 de
1793 2604 1996 2647 facinoro-

1177 2664 1244 2713 se,
1271 2668 1394 2720 &pro
1405 2665 1482 2708 suis
1497 2695 1508 2712 ‚
1533 2668 1576 2707 &
1601 2677 1671 2718 pro
1695 2664 1847 2718 patria3
1872 2663 1919 2704 ad
1935 2663 1992 2703 vi-

1176 2734 1263 2762 rum
1288 2728 1456 2766 Fortem.
1488 2724 1562 2762 Hic
1575 2721 1704 2762 sileant
1718 2720 1989 2761 Grammatici-

1177 2783 1238 2818 Sic
1257 2783 1317 2821 ille
1343 2782 1491 2836 Reipuh.
1509 2781 1692 2820 litterariae
1711 2780 1887 2820 wiffam
1904 2784 1992 2817 Sca-

1175 2839 1275 2891 liger.
1315 2844 1510 2878 Pareamus
1543 2838 1800 2877 litteratorculi.
1860 2833 1991 2876 'raub-

1177 2905 1356 2934 mannus.

1228 2954 1367 2992 Limina
1379 2950 1524 3006 Vestae]
1549 2952 1655 2991 Cum
1667 2949 1779 2988 enim
1792 2960 1918 3003 neque
1942 2959 1983 2987 a·

1173 3007 1246 3058 pud
1271 3011 1466 3056 Troianos
1478 3038 1490 3057 ,
1508 3020 1630 3062 neque
1645 3005 1867 3047 Graecosilli
1879 3006 1986 3045 locus

1172 3062 1244 3105 csse
1257 3066 1447 3117 videretur
1461 3095 1475 3115 ,
1504 3078 1586 3106 non
1601 3065 1743 3104 mirum
1753 3063 1830 3104 fuit
1844 3091 1857 3109 ,
1884 3060 1912 3102 fi
1934 3060 1983 3103 ad

306 3111 419 3154 neida
429 3113 526 3167 jussu
540 3117 698 3174 Augusti
708 3116 928 3161 emendasse
939 3118 1119 3162 constan-s
1166 3134 1273 3166 aram
1285 3151 1300 3173 ,
1325 3124 1366 3166 δε
1377 3121 1521 3180 asylum
1532 3121 1764 3178 confugerit.
1793 3119 1909 3160 Idem.

1768 3176 1858 3232 569.
1888 3181 1996 3228 Dans
2020 3188 2029 3206 ¹

2036 2917 2037 2926 η

2034 2994 2037 3011 Ι
