2037 3787
293 151 365 212 50

701 139 765 194 P.
838 135 1454 193 V1RG1L1·1

305 260 386 318 70
415 241 525 296 Aut
551 260 648 320 age
667 234 918 298 diversas:
958 241 1013 295 &
1031 235 1209 313 disjice
1226 258 1444 316 corpora
1459 237 1648 316 ponto]
1695 210 1699 213 Ι

422 325 551 379 Sunt
574 320 702 381 mihi
716 321 794 379 bis
809 317 1012 400 septem
1028 319 1288 399 praestanti
1304 341 1525 401 corpore
1542 320 1831 403 Nymphae:

280 566 365 619 fies,
388 575 431 605 ut
455 566 559 607 reste
583 578 719 608 monet
735 565 849 608 Daus
875 595 885 606 .
915 566 1022 622 quod
1046 577 1116 621 pro

284 623 569 678 submergendas
581 623 660 663 dici
673 626 752 665 vult
766 629 840 665 San
883 625 940 665 ius
951 625 996 664 in
1009 626 1114 665 Min.

290 691 330 733 p.
353 692 416 732 55.
446 682 657 735 Emmeneff?

350 748 418 786 70.
448 740 538 777 Aut
562 752 627 792 age
648 736 944 790 diveqfizs.]Hoc
954 737 1026 784 est,
1040 733 1115 778 dis-

287 804 406 846 perge
433 793 521 832 illos
545 806 610 846 per
622 793 794 842 diversa,
821 808 871 835 ne
897 795 946 835 ad
960 796 1113 835 Italiam

289 851 464 890 veniant.
493 849 643 891 duobus
672 852 780 892 enim
794 851 998 905 generibus
1009 851 1114 892 dele-

294 916 358 946 tur
385 908 570 948 exercitus
585 936 598 954 ,
634 920 699 948 aut
721 909 993 957 internecione
1008 936 1022 957 ,
1046 918 1115 949 aut

292 959 537 1016 disperfione.
568 968 725 1006 Serviua.

351 1027 443 1062 „Aut
463 1037 535 1078 age<
550 1021 755 1076 diversas]
785 1026 842 1064 Ut
864 1021 892 1063 fi
905 1034 987 1062 non
999 1020 1113 1076 poffit

295 1077 503 1130 provenire
528 1080 723 1132 primum,
751 1080 955 1132 proveniat
980 1079 1116 1120 secun-

294 1133 390 1174 dum
419 1154 429 1183 ς
461 1136 648 1190 quoniam
674 1134 782 1190 sparfi
808 1150 878 1176 nec
904 1136 1110 1191 quicquam

294 1190 461 1241 audere,
487 1206 560 1232 nec
576 1193 622 1233 ad
647 1195 807 1234 Italiam
830 1194 1029 1248 pervenire
1040 1198 1112 1249 po-

295 1258 438 1289 terant.
477 1255 659 1291 Donatus.
881 1272 883 1275 ⁴

1832 409 1979 484 Qa-

1221 577 1285 617 71.
1315 574 1406 608 Sunt
1428 571 1516 611 mibi
1527 571 1755 628 bisseptem]
1795 573 1886 610 Non
1897 569 1977 612 fine

1162 624 1315 664 ratione
1338 623 1475 667 dicitur
1500 633 1606 685 Juno
1621 627 1817 682 Nymphas
1829 624 1890 667 sua
1903 639 1978 681 po-

1163 678 1298 720 testate
1322 682 1487 723 retinere
1500 713 1515 733 ‚
1538 682 1616 738 ipsa
1629 685 1680 725 est
1693 686 1798 724 enim
1812 687 1876 723 aet
1892 698 1903 723 ι
1929 683 1978 723 de

1165 749 1241 790 quo
1265 735 1386 778 nubes
1408 751 1594 782 creantur.
1622 752 1664 782 ut
1684 741 1737 781 est
1752 769 1763 787 ,
1790 742 1974 795 Atquein

1163 795 1287 835 nubem
1322 798 1449 851 cogitur
1470 801 1543 839 azir.
1585 801 1638 837 Ex
1661 797 1826 841 nubibus
1849 809 1980 852 aquae:

1163 863 1254 904 quas
1282 852 1477 905 Nymphas
1501 850 1587 901 effe,
1614 868 1696 895 non
1720 854 1776 894 est
1802 853 1980 894 dubium.

1167 907 1263 947 Ideo
1286 920 1416 948 autem
1443 911 1660 963 Nympbam
1685 911 1982 964 AEolo‘pollice-

1167 975 1229 1005 tur
1246 994 1258 1012 ,
1282 965 1371 1020 quia
1393 979 1600 1007 ventorum
1612 981 1674 1007 rex
1685 968 1737 1007 est
1754 996 1770 1017 ,
1794 969 1978 1023 quiaquae

1168 1033 1280 1063 motu
1303 1035 1494 1063 creantur.
1523 1028 1627 1063 Bene
1651 1037 1744 1078 ergo
1755 1026 1979 1078 eijtmgitur

1165 1081 1281 1133 origo
1308 1091 1528 1121 ventorum.
1562 1085 1659 1120 Sane
1687 1092 1829 1121 notant
1851 1081 1982 1135 Virgi-

1163 1137 1261 1176 lium
1299 1137 1440 1177 critici
1466 1166 1481 1185 ,
1522 1138 1587 1192 qui
1611 1138 1755 1178 marito
1781 1138 1985 1191 promittit

1164 1206 1349 1235 uxorem:
1372 1194 1475 1249 quod
1498 1192 1649 1234 excusat
1673 1195 1776 1248 regia
1797 1195 1978 1244 licentia,

1165 1261 1206 1290 ut
1221 1250 1366 1292 sallust.
1398 1257 1522 1292 Denas
1536 1253 1601 1292 alii
1613 1279 1627 1302 ‚
1639 1254 1705 1291 alii
1711 1257 1827 1306 plures
1836 1252 1988 1300 habent,

372 1309 597 1360 Diverfics.]
641 1312 688 1348 In
725 1306 897 1364 antiquis
926 1305 1115 1348 omnibus
1155 1306 1225 1360 fi’d
1250 1323 1348 1363 reges
1370 1324 1405 1347 eo
1434 1311 1597 1363 amplius.
1630 1308 1928 1363 Velcette-quod
1941 1321 1987 1349 ex

301 1362 583 1417 exemplaribus
595 1364 642 1405 de
654 1365 819 1405 meliore
843 1375 938 1404 nota
960 1365 1118 1418 diversbs

297 1420 462 1473 legitur,
490 1422 591 1461 virili
616 1435 757 1474 genere
777 1448 792 1470 ‚
816 1432 860 1461 ut
871 1421 919 1462 de
932 1423 1118 1471 Troianis

299 1475 546 1531 intelligatur
564 1493 574 1516 z
598 1478 726 1531 Qam
751 1478 964 1519 lestionem
987 1489 1121 1530 aperte

301 1538 485 1575 Donatus
494 1536 620 1576 etiam
628 1533 803 1590 agnoscit
815 1563 827 1581 ,
853 1534 921 1576 ubi
933 1532 1041 1588 super
1056 1548 1118 1575 or-

300 1589 396 1630 dine
411 1592 482 1631 hoc
493 1593 660 1645 plurima
671 1590 838 1646 disputat
850 1621 861 1639 ‚
888 1605 967 1647 quae
980 1596 1023 1632 in
1035 1594 1120 1633 vul-

300 1649 404 1700 gatis
440 1648 640 1690 codicibus
675 1663 758 1690 non
791 1648 994 1689 habentur.
1024 1649 1120 1689 Ideo

303 1717 398 1745 vero
410 1706 464 1746 ait
476 1701 611 1761 cupere
622 1712 840 1764 Junonem,
854 1708 1050 1756 Troianos
1063 1706 1123 1747 di-

303 1759 432 1802 versos
444 1766 505 1818 agi
519 1793 530 1812 ,
546 1765 735 1819 quoniam
750 1762 856 1817 sparfi
871 1764 970 1803 nihil
984 1763 1123 1804 audere

305 1818 492 1873 posterius
504 1833 705 1875 poterunt,
722 1833 793 1861 nec
805 1820 857 1873 ad>
867 1822 1021 1861 Italiam
1036 1833 1121 1874 per-

307 1878 452 1918 venire.
482 1882 536 1919 Et
556 1878 719 1919 inferius
735 1908 747 1922 ‚
770 1882 861 1920 Aut
873 1894 933 1935 age
945 1879 1012 1918 div
1020 1881 1125 1929 ems,

309 1936 449 1989 impleri
460 1953 527 1976 non
532 1938 644 1991 poffi¹t
658 1937 726 1987 nisi
738 1939 842 1976 venti
856 1963 868 1981 ‚
894 1946 935 1976 ut
950 1933 1057 1987 supra
1070 1935 1128 1975 di-

311 1992 420 2045 stum
433 1992 485 2033 est
499 2021 516 2042 ,
538 1995 808 2047 impugnantes
820 1991 893 2033 sese
906 2022 920 2040 ‚
945 1993 1129 2033 discretos

310 2051 512 2101 Troianos
523 2064 589 2105 per
601 2048 748 2092 diversa
761 2049 1025 2092 distraherent.
1042 2053 1128 2091 Pie-

310 2122 397 2147 nus.

371 2169 415 2206 Et
439 2163 565 2219 disjice
573 2165 748 2222 corpora-'J
774 2163 849 2205 Hic
861 2164 1024 2206 mutavit
1036 2176 1132 2204 con-

310 2221 554 2272 junctionem
566 2252 579 2270 ‚
596 2234 686 2263 nam
698 2221 908 2264 dicendum
919 2232 1000 2262 erat
1012 2251 1026 2271 ‚
1040 2225 1133 2265 Aut

312 2278 442 2335 disjice
452 2294 600 2335 corpora,
629 2279 789 2320 Servius.
837 2329 841 2331 .

378 2338 534 2390 Dlsjice.
553 2338 572 2389 ]
610 2336 674 2377 Est
703 2335 778 2377 hoc
791 2365 803 2383 ,
841 2334 946 2390 quod
976 2332 1130 2375 Hefiod.

315 2391 469 2448 Theog.
497 2394 664 2449 loquens
690 2393 737 2434 de
748 2393 873 2434 ventis
885 2392 980 2432 dixit
993 2419 1009 2440 ‚
1033 2391 1128 2446 >⁸192-

307 2450 500 2492 ’σκιῶναῖστ
517 2468 556 2491 τε
573 2452 654 2497 νῆας
668 2465 679 2490 z
691 2451 865 2506 dissipant
876 2464 999 2489 naves.
1030 2453 1133 2502 Lege

317 2506 507 2549 Ifidorum
520 2507 659 2551 151218.
673 2518 794 2562 etym.
809 2519 891 2560 cap.
906 2520 944 2547 2.
966 2504 1034 2546 ubi
1048 2518 1130 2545 ver-

315 2562 377 2604 sus
401 2565 511 2616 hujus
533 2565 649 2607 affert
682 2566 984 2620 explicationem
1008 2576 1130 2618 quan-

320 2623 422 2664 dam.
461 2624 596 2664 cerda.

378 2686 527 2734 corpora
542 2680 799 2735 ponto.]'1‘am
821 2677 1007 2722 vitorum,
1022 2687 1135 2730 quam

323 2737 482 2778 navium
498 2750 507 2773 z
526 2735 577 2777 ‘ut
599 2733 677 2789 ipse
701 2736 781 2776 alio
806 2737 894 2775 loco
907 2763 920 2781 ,
948 2746 1065 2788 quum
1089 2732 1137 2772 de

324 2793 486 2834 navibus
507 2795 728 2849 loqueretur
741 2821 754 2840 ,
800 2798 845 2833 Et
867 2803 941 2832 rotor
958 2789 1138 2842 deftendlt

318 2865 454 2906 corpore
462 2851 577 2902 pesth.
613 2851 818 2891 Sciendum
830 2846 918 2889 sane
930 2846 1002 2896 est,
1016 2858 1139 2887 artem

275 2948 278 2950 μ
327 2909 425 2949 hanc
445 2906 520 2947 effe
539 2908 744 2961 petitionis
757 2936 769 2954 ,
795 2917 836 2948 ut
848 2906 1001 2946 minora
1013 2905 1138 2957 impe-

255 2960 258 2963 ’
289 2995 292 2996 ⁷
326 2976 430 3006 trare
464 2967 661 3017 cupientes
686 2993 701 3013 ,
740 2966 889 3013 maiora
913 2959 1112 3016 poscamus
1128 2976 1138 3001 ε

323 3023 429 3078 quod
455 3023 573 3062 eriam
586 3035 690 3063 nunc
701 3027 807 3079 Juno
818 3020 920 3061 facit.
952 3016 1021 3059 scit
1031 3021 1142 3058 nam'·

329 3093 403 3134 que
426 3078 463 3120 se
474 3079 563 3119 fatis
574 3078 726 3119 obstare
737 3092 819 3119 non
832 3075 936 3130 pofle
949 3104 965 3126 ,
988 3074 1138 3116 fecithoc

328 3138 408 3192 agit
420 3166 432 3187 ,
446 3147 487 3179 ut
499 3149 565 3179 eos
577 3147 700 3179 arceat
711 3135 760 3179 ab
773 3135 900 3179 Italia.
930 3137 1088 3176 Servius.

1165 1377 1293 1415 priore
1318 1365 1482 1417 conjuge
1508 1363 1710 1417 improbos
1732 1364 1837 1405 filios
1849 1366 1988 1407 AEolus

1167 1420 1368 1468 habuerit;
1393 1423 1454 1461 vel
1467 1421 1570 1476 quod
1584 1421 1675 1469 haec,
1690 1434 1806 1476 quam
1818 1422 1989 1474 promit-

1168 1478 1236 1525 tit,
1258 1478 1492 1517 immortalis
1506 1477 1571 1517 est.
1604 1479 1685 1517 Alii
1713 1479 1849 1519 volunt
1862 1483 1993 1534 Juno-

1170 1547 1261 1574 nem
1288 1547 1352 1587 per
1381 1536 1479 1574 iram
1505 1533 1703 1583 oblitam,
1726 1536 1882 1576 AEolum
1894 1548 1989 1575 uxo-

1170 1603 1252 1631 rem
1267 1593 1308 1632 &
1321 1591 1424 1631 filios
1435 1590 1598 1639 habere3
1629 1591 1733 1647 quod
1745 1590 1883 1633 exinde
1895 1588 1990 1632 affe·

1169 1659 1261 1688 runt
1275 1677 1289 1697 ‚
1312 1649 1402 1702 quia
1427 1650 1563 1689 AEolus
1585 1648 1633 1688 ad
1661 1648 1738 1688 haec
1763 1647 1912 1689 nihilei
1924 1661 1988 1689 re·

1150 1736 1152 1739 ,
1170 1703 1368 1758 sponderit
1385 1725 1395 1754 ;
1423 1707 1462 1745 &
1478 1704 1577 1745 bene
1588 1710 1698 1762 ‘Juno
1709 1704 1756 1745 fic
1769 1706 1993 1759 pollicetur,

1172 1761 1271 1817 quasi
1296 1765 1414 1804 E-„olo
1436 1762 1670 1802 'beneficium
1684 1774 1775 1802 ante
1789 1775 1870 1803 non
1881 1775 1984 1802 con-

1172 1819 1329 1860 cefferit.
1366 1824 1541 1860 Econtra
1555 1820 1690 1859 AEolus
1702 1847 1719 1868 ,
1745 1832 1828 1859 non
1839 1818 1887 1859 ad
1899 1832 1993 1872 prae-

1174 1873 1285 1923 sens,
1315 1875 1378 1917 sed
1405 1876 1453 1917 ad
1490 1877 1726 1930 praeteritum
1762 1874 1990 1931 respondit,

1180 1941 1232 1974 Tu
1259 1936 1348 1975 mihi
1375 1935 1596 1991 quodcunque
1624 1934 1686 1975 hoc
1711 1936 1810 1991 regni
1845 1932 1907 1990 est.
1953 1936 1999 1973 1-

1182 1990 1287 2032 dem.
1332 2003 1335 2004 ⁷
1669 1990 1671 1993 ’

1236 2091 1330 2124 Sunt
1356 2083 1483 2135 mihi]
1512 2080 1676 2122 Addidit
1689 2093 1829 2122 munus
1845 2109 1858 2128 ‚
1880 2090 2000 2122 utex-

1178 2140 1338 2195 plicetur
1359 2140 1474 2180 ardor
1500 2138 1720 2192 cupiditatis
1742 2139 1836 2188 ejus.
1880 2142 1929 2179 Et
1953 2150 1998 2179 ex

1179 2196 1342 2253 obliquo
1364 2195 1486 2251 pulfilt
1507 2195 1665 2237 Veneris
1680 2208 1821 2235 munus
1835 2194 1876 2234 in
1891 2195 1992 2234 Pari-

1179 2254 1268 2295 dem
1283 2282 1297 2303 ,
1324 2268 1403 2310 quae
1427 2253 1536 2293 dedit
1562 2253 1764 2292 mulierem
1779 2280 1791 2299 ,
1818 2264 1898 2306 quae
1910 2265 1996 2293 non

1180 2323 1261 2352 erat
1284 2312 1327 2352 in
1350 2310 1536 2364 potestate
1549 2308 1632 2350 suas
1653 2308 1771 2350 unde
1782 2320 1917 2355 contra
1927 2313 2000 2366 Ju-

1182 2381 1236 2409 no
1264 2368 1324 2408 hic
1346 2369 1454 2409 dicit:
1494 2375 1585 2407 Sunt
1608 2367 1714 2407 mihi.
1755 2379 1826 2405 nec
1849 2376 2000 2418 poterat

1179 2427 1331 2467 Helena
1366 2423 1439 2466 effe
1463 2424 1613 2479 proptia
1636 2436 1732 2476 uxor
1756 2451 1768 2470 ,
1812 2435 1884 2463 nec
1906 2422 2000 2463 inde

1179 2484 1299 2523 creari
1318 2484 1500 2537 legitima
1513 2481 1665 2522 soboles
1680 2494 1690 2517 :
1713 2492 1809 2533 ergo
1818 2490 1926 2520 acute
1937 2479 1998 2520 di-

1177 2540 1257 2581 xit:
1286 2547 1377 2580 Sunt
1397 2541 1500 2586 mihi.
1531 2542 1580 2578 Et
1595 2535 2001 2592 Cannabiojungamsta-

1179 2600 1244 2639 bili
1258 2625 1275 2646 ,
1293 2600 1535 2652 propriamque
1547 2595 1692 2639 dicabo,
1721 2607 1802 2638 wc.
1834 2606 1997 2647 quatum

1181 2665 1311 2694 rerum
1336 2653 1440 2693 nulla
1462 2652 1536 2691 fuit
1563 2653 1604 2690 in
1616 2651 1777 2690 Helena.
1809 2653 1903 2690 Non
1915 2663 1999 2692 erat

1183 2710 1368 2756 veneris,
1392 2722 1486 2762 ergo
1511 2721 1594 2747 non
1619 2708 1747 2760 potuit
1768 2706 1857 2746 dare
1881 2706 2001 2747 stabi-

1178 2770 1286 2816 lem,
1317 2780 1390 2808 nec
1421 2765 1598 2821 legitime
1633 2765 1836 2805 collocare.
1878 2770 2004 2806 Dona-

1183 2838 1257 2867 tus.

1244 2910 1336 2942 Sunt
1359 2901 1448 2942 mihi
1472 2899 1523 2941 bis
1542 2903 1704 2954 fi’ptem‚
1730 2900 1839 2950 φα]
1867 2902 1933 2943 Hae
1948 2910 1999 2948 ne

1185 2958 1483 3015 quatuordecim*
1503 2957 1688 3012 Nymphae
1712 2956 1800 2997 filiae
1822 2953 1908 2996 sunt
1925 2961 1997 3013 Ju-

1187 3011 1332 3058 nonis?
1363 3019 1455 3059 Non
1479 3026 1587 3067 puto.
1618 3013 1690 3054 Sed
1703 3026 1853 3054 tantum
1869 3015 1994 3065 Nym-

1187 3075 1295 3126 phac,
1318 3086 1397 3128 quae
1423 3071 1520 3112 hanc
1549 3077 1671 3111 Deam
1701 3071 1992 3116 comitarentur,

1187 3129 1382 3187 essentque
1405 3129 1447 3171 in
1471 3130 1554 3183 ejus
1575 3127 1772 3184 potestate.
1804 3133 1900 3169 Sane
1916 3127 2006 3191 Diis

1849 3196 1920 3225 om
1936 3196 2003 3224 m-
