2037 3787
438 137 894 194 AEnnrnos

980 135 1138 190 Lrn.
1182 133 1272 193 11.
1584 151 1699 211 397

34 230 148 318 390
165 239 441 315 Aptemus.
491 232 641 290 dolus
659 271 676 298 ,
711 251 775 287 an
791 233 949 287 virtus
968 269 985 297 ‚
1018 231 1130 309 quis
1146 230 1199 286 in
1217 224 1364 286 hoste
1381 230 1604 308 requirat
1622 235 1646 286 ?

154 324 322 376 Arma
341 315 533 373 dabunt
551 311 662 392 ipsi.
707 312 772 370 fic
790 310 918 369 fatus
936 350 953 377 ‚
987 312 1174 369 deinde
1192 328 1495 370 comantem

155 399 434 479 Androgei
449 399 646 479 galeam
662 434 678 460 ‚
717 396 972 474 clipeique
989 394 1186 475 insigne
1200 392 1448 451 decorum

150 482 383 540 Induitur
399 520 416 547 ‚
432 480 679 559 laterique
697 479 954 560 Argivum
972 475 1335 537 accommodat
1353 475 1551 535 ensem.

1577 560 1706 617 Hoc

18 660 143 708 facere
161 678 308 722 putent.
342 668 533 709 Aitenim
549 667 740 709 Labienus
754 673 833 721 Cly-
885 667 1068 723 Crisiaque
1091 669 1248 720 hirsictus
1271 670 1409 722 equina.
1464 673 1546 709 Aut
1568 682 1705 709 comas

17 735 123 778 peum
149 737 288 765 neutro
309 738 449 779 genere
471 726 683 780 imaginem
696 724 835 779 fignifi-
891 723 1100 765 habentem
1115 752 1129 772 ,
1155 736 1196 764 ut
1210 725 1373 770 Statius3
1388 732 1468 767 Non
1482 742 1539 782 ego
1549 729 1587 766 in
1597 738 1699 783 terga

21 789 135 830 care,
161 782 262 822 virili
287 795 378 822 vero
393 811 407 831 ,
432 784 535 822 inter
559 796 663 822 arma
676 782 784 835 poni.
814 777 836 821 a
888 782 1061 821 comantis
1071 781 1328 823 Abantiadas.
1364 780 1487 822 Idem.

22 847 102 889 quo
125 835 290 879 diversus
316 838 368 879 est
383 841 620 893 Pomponius
633 839 739 880 dubii
755 843 836 878 Ser-

23 894 157 933 monis
168 893 270 935 libro
283 893 461 937 secundo.
494 896 560 936 ubi
582 901 708 951 clipeus
723 897 761 935 &
774 897 837 934 cli-

19 962 122 1004 peum
144 951 372 1003 indistinsto
395 966 534 1006 genere
563 953 637 993 dici
661 953 739 999 ait,
771 949 834 992 sed

22 1004 151 1047 littera
174 1008 354 1059 differre,
384 1023 423 1050 ut
447 1011 719 1063 pugnatorium
745 1012 834 1062 peri

22 1064 167 1118 clipeum
191 1066 360 1106 dicamus
374 1095 384 1112 ,
407 1067 619 1121 imaginem
632 1079 722 1106 vero
733 1078 799 1118 per
812 1081 834 1104 u

20 1121 192 1174 clupeum.
223 1126 278 1163 Ut
290 1124 406 1163 etiam
423 1137 465 1163 ex
479 1124 667 1164 Cornelio
681 1121 832 1163 diceba-

22 1187 123 1216 mus.
166 1182 285 1219 Erant
299 1193 389 1219 vero
403 1178 620 1230 hujusmodi
631 1180 835 1233 imagines,

25 1235 156 1284 quales
190 1236 238 1275 ad
261 1237 493 1290 alicujusrei
515 1237 748 1276 memoriam
773 1248 833 1275 ex-

24 1287 143 1343 sculpi
167 1290 406 1332 consuerunt.
442 1299 536 1332 Eam
551 1306 639 1333 vero
652 1292 833 1332 differen-

21 1345 119 1386 tiam
134 1348 328 1402 improbat
342 1347 506 1390 Carisius
521 1377 536 1397 ,
562 1363 680 1404 quum
695 1353 833 1403 clipeus

23 1412 88 1455 per
98 1407 129 1449 i,
145 1406 182 1444 ὃς
200 1408 346 1460 clupeus
362 1420 426 1459 per
438 1424 461 1445 u
475 1435 487 1455 ,
503 1419 583 1447 non
597 1409 666 1446 alia
679 1407 831 1446 ratione

3 1470 6 1474 '
22 1458 169 1500 dicatur
191 1474 304 1516 quam
332 1466 538 1509 Maximus,
566 1465 606 1503 &
620 1471 833 1512 Maxumus,

27 1516 68 1555 &
83 1521 243 1571 Optimus
255 1520 299 1558 ac
311 1527 480 1574 Optumus
492 1533 646 1574 propter
659 1534 833 1562 commu-

25 1573 189 1614 nionem
202 1580 215 1614 i
228 1577 267 1615 ὅ(
281 1578 542 1617 ulitterarum.
571 1592 688 1632 quum
703 1579 831 1632 itaque

23 1627 126 1670 inter
141 1629 242 1671 seira
258 1636 411 1674 veteres
422 1636 672 1683 altercentut,
702 1633 831 1690 resque

24 1687 184 1740 parvifit
197 1690 414 1737 momenti,
443 1693 484 1731 &
508 1693 656 1739 maiora
680 1705 751 1732 nos
769 1694 829 1731 in-

26 1746 231 1797 terpellent
241 1775 254 1793 ‚
285 1746 358 1787 hoc
383 1761 457 1788 nos
470 1749 628 1789 interim
642 1750 685 1790 in
698 1749 830 1790 medio

23 1801 295 1858 relinquemus.
329 1808 496 1845 Pierius.

82 1861 277 1917 Infignia.]
309 1867 429 1901 Arma
442 1863 593 1902 omnia.
622 1864 777 1904 Servius.

46 1944 50 1948 ·
86 1927 180 1971 390.
214 1922 336 1964 Dolus,
347 1935 393 1958 an
405 1922 521 1959 virtus
532 1920 661 1975 quirin
672 1919 763 1973 hoste
778 1935 831 1959 re-

24 1973 183 2026 quiam]
214 1975 372 2016 Videtur
384 1972 504 2016 deesse
515 1979 628 2031 aliqui
641 2006 653 2023 ,
673 1988 714 2016 ut
727 1987 830 2029 puta,

28 2030 155 2069 Dolus
165 2043 214 2071 an
227 2032 345 2072 virtus
355 2033 398 2077 in
411 2032 514 2073 bello
527 2032 701 2088 proficiat
714 2062 725 2081 ,
747 2035 835 2090 quis

24 2083 71 2126 in
86 2086 192 2127 hoste
202 2090 392 2142 requirat?
425 2090 537 2131 Idem.

88 2144 330 2202 Qisinhosse
341 2147 535 2200 requiram]
565 2150 612 2186 In
637 2146 836 2187 codicibus

30 2198 180 2252 aliquot
191 2203 360 2256 antiquis
369 2204 494 2257 legere
504 2202 572 2249 est,
587 2206 664 2258 quis
678 2205 721 2244 ab
731 2205 836 2256 holle,

28 2252 95 2295 sed
107 2258 246 2297 melius
256 2261 294 2298 in
305 2259 406 2313 hoste.
437 2259 500 2299 Est
514 2263 551 2300 &
565 2263 732 2315 requiret.
767 2262 836 2301 sed

27 2311 148 2366 longe
161 2315 284 2369 magis
294 2317 432 2368 placet,
444 2319 602 2371 requirat
616 2344 632 2364 ‚
645 2318 740 2357 utin
755 2321 838 2358 Me·

29 2368 144 2410 diceo
168 2373 210 2412 δε
233 2373 380 2428 aliquot
404 2372 490 2413 aliis
510 2373 839 2415 emendatioribus

29 2427 308 2481 exemplaribus
321 2428 493 2470 habetur.
523 2432 672 2471 Pierius.
685 2473 687 2476 ,

89 2490 264 2533 Dolus,an
274 2489 393 2527 virtus
403 2489 482 2541 quis
491 2490 528 2526 in
539 2486 626 2537 hoste
638 2488 806 2539 requirat.
815 2486 835 2536 ]

31 2542 206 2583 Eandem
244 2541 474 2583 sententiam
511 2542 626 2583 habet
659 2542 843 2585 Pindarus

34 2597 101 2638 od.
117 2614 156 2650 4.
185 2598 316 2639 Isthm.
343 2600 410 2641 ubi
434 2599 643 2641 tranfertur
666 2598 791 2641 sermo
818 2596 839 2640 a

34 2655 203 2708 vulpead
221 2658 399 2710 aquilam.
432 2658 729 2699 Numeratinrer
743 2659 840 2697 ’ἐσιο-

35 2709 238 2764 φΒέΓματα
249 2715 459 2768 virgiliana
476 2713 647 2755 Macrob.
662 2716 765 2764 l.5.c.
778 2714 840 2754 16.

37 2769 80 2809 &
106 2767 288 2824 fingulare
307 2784 468 2813 acumen
493 2770 551 2811 his
575 2770 699 2812 verbis
724 2768 841 2811 ineffe

34 2821 170 2866 exserit
183 2829 274 2868 Scal.
287 2829 313 2868 1.
327 2842 364 2880 4.
381 2841 411 2868 c.
431 2843 465 2870 1.
495 2829 701 2883 Emmeneffl

92 2897 184 2936 39¹·
214 2887 379 2937 Amo]
410 2885 678 2940 Subdistingue
693 2912 706 2932 ‚
730 2897 773 2924 ut
797 2883 840 2924 sit

32 2939 135 2994 quali
147 2941 419 2996 interrogantis
432 2959 442 2984 ι
455 2948 510 2985 Ut
521 2940 715 2998 responsio
728 2971 741 2990 ‚
756 2947 835 2982 Da-

33 2997 119 3040 hune
130 2998 206 3053 ἱρῇ.
237 3000 398 3040 Servius.

44 3091 50 3094 ,
89 3057 328 3108 comantem]
359 3063 438 3098 Aut
449 3055 639 3097 cristatam
655 3084 666 3101 ‚
691 3055 781 3109 quia
794 3053 841 3094 de

947 849 1038 891 392.
1071 837 1301 891 Androgeo]
1339 836 1464 877 Modo
1476 839 1615 880 Latine
1626 839 1704 880 de-

883 893 930 932 cli
938 894 1044 934 navit
1052 922 1067 943 ‚
1082 893 1177 934 alibi
1189 897 1318 934 Graece
1331 922 1344 941 ,
1355 901 1477 935 Letum
1487 896 1698 954 Androgeo.

892 949 1016 990 Idem.

943 1006 1168 1062 Androgei]
1205 1013 1343 1048 Vetera
1366 1007 1432 1048 issa
1455 1010 1699 1063 exemplaria,

886 1075 967 1117 quae
980 1063 1188 1119 Androgeos
1202 1065 1244 1104 in
1256 1067 1363 1105 resto
1375 1060 1530 1118 posuere
1541 1094 1553 1112 ,
1564 1078 1695 1120 pater·

888 1132 982 1159 num
1009 1117 1134 1160 casum
1158 1121 1298 1161 eodem
1323 1121 1385 1160 hic
1409 1121 1596 1163 idiomate
1610 1121 1701 1163 stri-

887 1173 985 1216 bunt
999 1178 1204 1231 Androgeo.
1223 1178 1294 1218 Sed
1308 1179 1414 1218 enim
1429 1176 1697 1235 Sofipater,qui

883 1230 1063 1285 scriptum
1087 1233 1213 1274 asserit
1237 1232 1258 1274 a
1283 1235 1446 1288 Virgilio
1459 1234 1561 1275 libro
1575 1234 1696 1284 sexto,

871 1291 874 1293 ’
887 1296 932 1329 In
932 1293 1073 1340 foribus
1084 1294 1190 1331 letum
1203 1292 1412 1348 Androgeo.
1441 1296 1550 1332 Loco
1564 1306 1696 1335 tamen

885 1345 970 1394 hoc,
981 1348 1077 1388 utin
1092 1349 1271 1388 Mediceo
1284 1349 1402 1388 etiam
1415 1348 1468 1389 est
1481 1378 1493 1396 ,
1524 1348 1698 1403 agnoscit

885 1404 1093 1460 Androgei.
1135 1407 1255 1453 Cujus
1277 1405 1351 1446 haec
1375 1403 1462 1447 sunt
1485 1406 1598 1447 verba
1613 1436 1627 1456 ,
1658 1409 1700 1449 si
1721 1444 1736 1461 .‘

883 1458 999 1500 fuerit
1013 1463 1276 1502 nominativus
1288 1463 1503 1519 Androgeos
1516 1493 1528 1511 ,
1552 1464 1676 1518 geniti
1687 1465 1715 1496 -'

886 1530 951 1557 vus
963 1519 1036 1557 erit
1047 1519 1256 1575 Androgeo.
1285 1521 1340 1560 Ut
1364 1519 1462 1572 apud
1473 1521 1698 1574 Virgilium,

882 1578 930 1614 ln
952 1577 1086 1628 foribus
1107 1579 1220 1616 letum*
1240 1576 1446 1632 AndrogeO.
1502 1577 1573 1618 Sed
1596 1579 1698 1631 apud

883 1631 1049 1672 eundern
1073 1634 1295 1673 invenimus
1321 1634 1515 1690 Androgei
1543 1638 1694 1689 galeam.

888 1687 961 1729 Sed
988 1702 1070 1729 non
1092 1704 1136 1729 ex
1158 1689 1299 1730 eodem
1324 1690 1501 1730 nornine.
1545 1694 1644 1731 Nam
1667 1690 1698 1731 fi

882 1743 997 1786 fuerit
1009 1746 1072 1786 hic
1082 1748 1313 1803 Androgeus,
1326 1747 1519 1802 ,Androgei
1527 1745 1619 1788 facit
1630 1761 1699 1801 ge—

886 1802 1024 1843 nitivo.
1055 1804 1227 1844 Utidem
1238 1804 1436 1857 VirgiliuS,
1452 1807 1591 1844 Penelei
1601 1805 1698 1844 dex-

885 1871 942 1898 tra
953 1860 1048 1900 divae
1062 1862 1301 1916 armipotentis
1313 1862 1363 1900 ad
1373 1877 1487 1901 aram.
1505 1873 1623 1915 quum
1638 1874 1699 1901 ta-

887 1928 978 1956 men
994 1917 1055 1965 hui
1063 1930 1102 1956 us
1115 1917 1290 1958 nominis
1302 1920 1466 1959 Peneleos
1486 1919 1704 1958 nominati-

887 1986 952 2013 vus
965 1972 1010 2014 fit
1024 1974 1122 2027 apud
1136 1979 1290 2016 Graecos
1300 2005 1314 2024 ,
1341 1973 1491 2023 [Zotoriiv
1515 1974 1693 2026 ,ῖῖπίωε-

889 2032 980 2072 λίκς.
1014 2035 1166 2073 Pierius.

947 2096 1146 2129 comantem
1159 2089 1524 2144 Androgeigaleam]
1539 2088 1598 2128 Sic
1613 2088 1702 2142 Epi-

885 2157 1050 2198 gramm.
1063 2145 1133 2186 lib.
1145 2160 1182 2198 4.
1210 2144 1356 2198 oe'ctm'dLx
1371 2144 1520 2187 ἐνυαλίε
1537 2146 1568 2200 ις)
1582 2147 1698 2201 xifius

891 2201 1052 2253 ἦίιιομον.
1084 2209 1197 2244 Germ.
1579 2229 1583 2239 ι

946 2260 1084 2316 Infigne
1107 2259 1302 2311 decorum]
1330 2262 1623 2300 Ornamentum
1637 2260 1703 2300 de-

893 2327 1038 2355 corum.
1071 2319 1161 2356 Non
1187 2315 1295 2356 enim
1319 2314 1406 2356 sunt
1420 2315 1496 2356 duo
1510 2316 1697 2369 epitheta,

894 2373 996 2425 quod
1010 2372 1109 2425 apud
1123 2372 1285 2411 Latinos
1297 2370 1478 2413 vitiosum
1488 2371 1552 2412 est.
1597 2374 1703 2414 Fecit

898 2428 968 2467 hoc
992 2440 1125 2469 tamen
1136 2428 1318 2482 Virgilius
1331 2430 1372 2468 in
1385 2429 1510 2482 paucis
1524 2427 1705 2478 versibus,

895 2485 960 2540 qui
984 2486 1116 2525 tamen
1139 2485 1337 2525 emendati
1362 2483 1476 2534 sunt3
1500 2497 1543 2526 ut
1559 2515 1571 2532 ‚
1594 2492 1706 2527 Lenta

894 2545 1015 2597 quibus
1031 2554 1126 2588 torno
1124 2544 1232 2594 fictili
1235 2543 1465 2598 fiaperaddita
1479 2543 1583 2582 vitis.
1611 2557 1704 2584 cum

896 2610 985 2639 ante
1010 2601 1138 2639 Facilis
1151 2598 1281 2640 fuerit.
1312 2605 1409 2639 Sane
1421 2599 1542 2654 clypei
1557 2598 1706 2655 insigne

897 2656 1162 2708 ὼφρρεςτκῶς
1174 2669 1244 2709 pro
1256 2657 1402 2711 clypeo.
1432 2659 1588 2696 servius.

947 2716 1127 2767 Clipeique
1147 2713 1278 2769 infigne
1299 2713 1495 2765 decorum]
1519 2717 1614 2753 Sunt
1638 2711 1707 2766 qui

893 2769 1007 2810 decori
1015 2771 1182 2810 scribant
1197 2799 1208 2818 ‚
1233 2782 1274 2809 ut
1286 2768 1330 2810 fit
1354 2773 1461 2825 clypei
1473 2770 1598 2810 decori.
1633 2770 1706 2811 sed

892 2828 1009 2881 longe
1022 2827 1158 2867 melius
1170 2827 1302 2882 infigne
1312 2827 1471 2868 decorum
1485 2854 1497 2874 ,
1519 2839 1562 2868 ut
1572 2825 1713 2881 agnos-

890 2886 943 2924 cit
959 2886 1117 2925 Servius.
1151 2887 1302 2924 Pierius.

954 2954 1042 2994 39³·
1079 2940 1281 2993 Induitur]
1309 2939 1409 2995 Qia
1423 2940 1543 2980 multa
1555 2939 1712 2979 inerant

900 2997 939 3037 in
974 2997 1080 3039 scuto
1101 3001 1183 3038 lora
1200 3025 1212 3044 ,
1238 2996 1374 3053 quibus
1386 3009 1551 3037 manum
1565 2994 1711 3035 insere-

897 3055 992 3096 bant
1007 3068 1072 3104 ;ut
1089 3085 1101 3102 ‚
1116 3060 1144 3095 C
1146 3057 1300 3112 lipeoque
1305 3054 1338 3108 fi
1341 3053 1483 3112 nistram
1495 3053 1718 3109 Infirtabam

25 3112 160 3155 caudis
169 3113 402 3156 animalium
417 3112 608 3156 habebant
623 3112 768 3161 cristas,
783 3122 837 3161 ut,
899 3124 1041 3170 aptans.
1074 3117 1234 3154 Servius.

1548 3171 1708 3212 ,doccin-
