2037 3787
425 128 883 186 AEnrztnos

972 122 1141 182 Ltn.
1173 123 1266 180 II.
1572 142 1692 201 443

21 227 124 302 615
139 223 253 297 Jam
271 217 493 313 summas
510 218 636 275 arcis
652 214 899 308 Tritonia
919 211 1026 352 (ges
1017 214 1150 292 pice)
1172 211 1338 350 ΡῗΙῙαε
1397 232 1400 235 ·

143 300 1362 464 35332211353253232333{testaretur

18 545 336 593 ficutaettreblare‚
363 547 553 602 adftrvare
577 555 664 594 &1:-
696 548 831 601 scalig.

21 605 91 649 lib.
104 619 146 657 4.
164 617 196 645 c.
218 605 277 645 ¹6.
309 608 450 645 Taubm.

79 662 172 713 615.
204 663 344 719 Jam]
368 665 543 702 Praeterea
559 676 568 701 t
585 674 625 702 ut
643 690 654 707 ,
668 662 832 717 Jamque

9 720 202 774 seminibus
209 717 505 773 jafflisftficslulic
518 722 628 760 arbos.
661 720 822 759 Servius,

77 777 233 827 Arcis.]
262 776 455 815 Ordinem
485 778 638 824 tenuit,
666 778 832 830 primum

23 842 177 879 muros,
204 832 344 872 deinde
367 844 523 885 portas,
550 833 632 886 post
658 846 788 881 arces,
812 829 833 872 a

21 891 144 928 muris
169 890 277 929 enim
293 891 334 929 in
349 902 472 929 arcem
486 890 768 930 convertendus
780 890 832 929 est

20 955 126 986 totus
139 946 320 998 impetus.
338 946 401 986 Ob
417 946 489 986 hoc
501 960 628 987 autem
641 960 743 986 arces
754 948 834 986 Mi-

20 1012 144 1042 netvae
165 1003 331 1050 dantur,
357 1004 460 1058 quod
483 1002 560 1057 ipsa
584 1003 834 1044 fitinventrix

21 1059 299 1100 aedificiotum:
326 1072 393 1106 ut,
419 1065 538 1100 Palm
564 1077 652 1116 quaa
675 1062 833 1101 condicltt

20 1132 118 1157 arces
143 1120 167 1156 i.
184 1133 211 1157 c.
247 1121 295 1157 Et
321 1118 407 1171 quia
422 1115 566 1157 summa
578 1131 733 1172 qumque
746 1116 833 1171 pos·

20 1171 115 1213 fidet
142 1170 337 1228 sapientia.
368 1178 550 1214 Praeterea
576 1176 616 1214 in
630 1173 834 1228 capiteesse

20 1229 160 1270 dicitur
175 1258 189 1278 ,
214 1231 356 1271 idcirco
379 1230 544 1273 creditur
581 1233 698 1285 patris
720 1233 832 1290 Jovis

18 1287 141 1340 capite
153 1300 345 1341 generata.
381 1289 496 1328 Idem.

83 1347 243 1384 Tritonia
267 1346 424 1398 Pallas]
457 1350 545 1385 Duo
569 1343 834 1385 antonomasia

18 1394 110 1440 sunt
134 1399 213 1440 fine
237 1402 396 1455 proprio
423 1401 600 1441 nomine.
635 1405 681 1441 Et
703 1402 756 1442 est
772 1403 834 1441 ni-

17 1455 108 1496 miae
119 1457 424 1505 iracundiae,cum
438 1458 588 1498 dicitur:
600 1459 831 1516 Qanquam

17 1511 114 1553 itata
139 1514 183 1554 fit
215 1516 357 1554 Graecis
375 1543 386 1560 ,
428 1528 670 1570 nequaquam
700 1529 830 1556 tamen

21 1571 204 1620 Troianis
217 1584 379 1624 parcere.
416 1571 505 1611 licet
531 1573 571 1612 in
598 1573 751 1612 historia
777 1576 832 1613 le-

21 1626 128 1668 stum
156 1626 200 1668 fit
227 1629 492 1669 vehementius
515 1631 653 1669 iratam
681 1631 833 1670 Miner-

19 1695 108 1724 vam
120 1713 132 1732 ‚
146 1686 248 1735 quod
264 1685 343 1738 post
357 1685 567 1726 Vistoriam
581 1689 617 1726 ei
629 1685 834 1727 sacrificare

20 1742 279 1790 noluerint‚ut
291 1746 634 1796 HonQumPallM
645 1745 712 1794 ulio
722 1749 835 1784 vertit

19 1800 112 1838 iram
133 1801 178 1840 ab
202 1802 264 1840 llio
279 1829 293 1849 ,
315 1803 355 1841 in
379 1802 526 1856 impiam
547 1805 690 1855 Ajacis
701 1814 834 1842 ratem.

21 1853 147 1895 Idem.

76 1914 250 1967 Reffiite]
285 1913 464 1954 Dicendo
486 1915 609 1968 respice
624 1942 636 1959 ,
660 1912 833 1954 ostendit

20 1979 109 2008 vere
132 1971 210 2017 jam
237 1970 445 2025 caliginem
470 1970 520 2011 ab
531 1972 651 2012 oculis
664 1973 748 2023 ejus
760 1970 832 2011 effe

14 2023 220 2067 sublatam.
255 2028 368 2067 Idem.

78 2083 170 2123 616.
203 2085 379 2136 Infidie]
410 2083 522 2124 Adeo
537 2085 656 2131 irata,
685 2096 727 2126 ut
742 2096 833 2125 ante

18 2134 254 2180 ficerdotem
264 2140 321 2181 ibi
334 2139 583 2182 Cassandram
598 2141 835 2184 defenderet.

20 2193 140 2237 Idem.

78 2252 256 2305 Infhdit]
281 2254 458 2307 signatur
480 2254 630 2307 pondus
646 2259 734 2294 Deae
748 2269 831 2307 pre-

23 2311 189 2356 mentis,
203 2311 243 2350 &
257 2312 512 2363 opprimentis
523 2311 669 2351 urbem.
687 2315 831 2351 Home-

22 2377 100 2413 rus,
115 2366 268 2420 ἐφέζετο
285 2366 470 2421 Πὲρμίμῳ
485 2366 585 2422 ἄκρῃ.
611 2373 724 2408 Vetus
737 2371 832 2408 Poe-

21 2432 60 2464 ta
85 2425 182 2476 apud
209 2424 416 2465 Aristidem
431 2426 472 2464 in
487 2439 523 2466 2.
542 2426 734 2466 Platonica
749 2427 832 2465 Pal-

20 2478 148 2521 ladem
175 2494 282 2522 vocat
309 2480 571 2536 περσέπἿολιν,
604 2482 703 2536 quasi
730 2481 834 2522 utbi-

22 2549 168 2589 wpam.
199 2542 280 2580 Cur
294 2542 414 2580 Pallas
426 2539 526 2580 dista
538 2542 710 2586 Tritonia,
723 2539 831 2579 alibi.

23 2595 151 2636 cerda.

76 2653 204 2694 Nimbo
224 2653 424 2709 effulgens]
459 2651 571 2694 Nube
596 2652 727 2692 diviua
742 2680 753 2699 ,
778 2651 830 2692 est

20 2708 130 2748 enim
141 2708 331 2763 fulgidum
351 2713 498 2757 lumen,
512 2723 588 2764 quo
600 2709 759 2750 deorum
773 2722 831 2748 ca-

21 2764 101 2818 pita
125 2766 356 2820 cinguntur,
386 2766 432 2807 fic
455 2769 574 2807 etiam
599 2768 705 2820 pingi
719 2764 830 2807 solet.

21 2822 105 2862 Alii
130 2824 309 2864 nimbum
332 2825 484 2865 clavum
509 2822 761 2865 transversum
788 2824 829 2864 in

22 2877 122 2918 veste
147 2880 389 2921 existimant:
418 2882 497 2921 Alii
516 2884 659 2922 limbum
680 2883 832 2934 legunt,

25 2936 81 2975 Ut
94 2937 272 2977 Sidoniam
283 2939 374 2991 piHo
385 2939 602 2991 chlamydem
614 2937 831 2980 circumdata

19 2991 149 3033 limbo.-
173 2995 212 3034 &
237 2993 290 3035 est
315 3007 396 3048 pars
411 2995 522 3036 vestis
535 3008 724 3042 extrema,
750 3009 828 3049 qnae

21 3047 141 3100 instita
163 3051 326 3092 dicitur:
376 3064 418 3093 ut
440 3054 622 3093 Horatius
636 3082 647 3100 ‚
670 3058 831 3107 ,Qarum

17 3108 159 3159 pul-sitta
173 3113 259 3149 talos
271 3111 358 3166 tegit
370 3109 489 3164 instita
503 3110 609 3165 veste.
641 3110 804 3151 Servius.

1547 456 1702 516 Suffi-

932 544 1074 586 Nimbo.
1092 544 1109 595 ]
1151 541 1263 583 Nube
1306 540 1455 580 divina.
1500 540 1563 581 Est
1590 543 1699 582 enim

880 603 1030 641 Nimbus
1052 599 1242 640 fulvidum
1272 597 1519 652 (fifhidam)
1548 601 1701 646 lumen,

878 658 980 711 quod
1004 657 1165 697 deornm
1199 657 1320 709 capita
1347 656 1490 708 tinguit
1509 684 1524 704 ,
1544 657 1702 696 austore

883 717 1012 754 Servio
1029 715 1215 754 Danielis,
1249 712 1344 754 Vide
1358 713 1398 751 ὃς
1415 710 1520 766 supra
1533 741 1546 759 ,
1561 726 1593 752 v.
1606 727 1699 767 590.

885 775 1007 817 Sunt,
1029 772 1093 825 qui
1124 772 1279 811 nimbum
1302 769 1522 809 existiment
1549 772 1700 811 clavum

885 825 1135 867 transversum
1162 828 1204 866 in
1231 825 1345 866 veste.
1377 827 1698 867 Aliihiclimbum

881 885 1032 938 legunt,
1047 886 1086 924 δε
1100 882 1272 924 institam
1285 884 1601 937 interpretantur,
1616 885 1642 922 i.
1658 896 1693 924 e.

885 941 994 981 vestis
1007 940 1194 996 sequelam
1212 943 1539 981 &ornamentum
1549 941 1695 981 Taubm.

931 999 1222 1053 Gurgonesaeva]
1254 1003 1335 1037 Aut
1349 998 1467 1036 etiam
1483 1012 1547 1051 per
1564 995 1696 1038 saevam

884 1057 1112 1109 Gorgonem
1133 1054 1286 1109 fulgens
1306 1084 1318 1101 ,
1347 1066 1411 1094 aut
1424 1054 1502 1107 ipsa
1516 1052 1604 1095 saeva
1618 1067 1699 1095 tet-

882 1124 968 1151 rore
1007 1112 1218 1166 Gorgonis.
1264 1116 1362 1150 Sane
1389 1114 1596 1165 Gorgones
1619 1124 1698 1152 tres

881 1165 988 1209 fuisse
1006 1169 1182 1210 dicuntur
1199 1198 1210 1216 ,
1226 1168 1386 1208 Stehmo
1400 1196 1412 1214 ‚
1427 1171 1590 1216 Euriale,
1607 1173 1694 1208 Me-

882 1225 970 1266 dusa
990 1245 1000 1274 3
1031 1239 1192 1281 quarum
1217 1223 1596 1279 aspestusintuentes
1610 1239 1696 1266 vet-

883 1282 988 1323 tebat
1010 1284 1055 1323 in
1076 1284 1220 1336 lapides
1233 1296 1247 1328 3
1273 1282 1325 1322 hae
1353 1294 1481 1322 autem
1496 1284 1599 1322 mirae
1613 1283 1697 1336 pul-

880 1339 1109 1381 chritudinis
1121 1338 1227 1380 fuisse
1239 1340 1418 1380 dicuntur
1433 1353 1444 1378 τ
1472 1341 1511 1379 &
1527 1339 1697 1395 quisquis

884 1410 946 1438 eas
962 1396 1109 1438 vidiffet
1122 1426 1137 1446 ,
1151 1397 1301 1450 stupore
1314 1395 1559 1450 defigebatur.
1592 1399 1692 1438 Ideo

881 1453 1014 1494 fistum
1028 1455 1080 1494 est
1097 1483 1109 1502 ,
1125 1455 1212 1509 quia
1225 1456 1267 1494 in
1281 1452 1423 1507 lapides
1437 1465 1689 1495 mutarentur.

884 1511 954 1551 Sed
977 1514 1050 1552 alia
1073 1511 1202 1552 fabula
1222 1510 1341 1551 refert
1363 1509 1563 1552 Medusam
1589 1513 1696 1551 mitae

882 1567 1123 1620 parfimoniae
1136 1569 1327 1622 virginem
1337 1566 1448 1609 fuisse
1462 1597 1474 1614 ,
1501 1570 1542 1608 &
1556 1567 1610 1608 ob
1622 1568 1696 1607 hoc

883 1637 1030 1679 accepta
1045 1628 1227 1666 Minervae
1240 1654 1251 1673 ,
1272 1638 1352 1680 quae
1363 1623 1569 1679 compressa
1583 1623 1604 1664 a
1619 1628 1698 1665 Ne-

883 1693 1004 1733 ptuno
1021 1680 1200 1737 Pegasum
1217 1696 1356 1737 equum
1368 1682 1509 1723 dIcitur
1519 1679 1696 1730 edidiffe,

883 1740 985 1793 quod
1010 1740 1252 1794 posteaquam
1279 1740 1456 1778 Minerva
1479 1741 1691 1791 cognovit,

880 1798 960 1841 ejus
984 1809 1095 1850 caput
1108 1798 1245 1836 dicitur
1257 1794 1464 1848 amputasse
1479 1799 1518 1836 ὅ(
1531 1794 1598 1836 sno
1609 1795 1696 1835 affi-

881 1850 970 1893 xisse
993 1855 1140 1907 pestori
1155 1886 1168 1903 ‚
1197 1856 1308 1909 eique
1331 1850 1502 1893 tribuisse
1515 1855 1594 1893 vim
1610 1882 1624 1901 ,
1652 1864 1697 1894 ut

882 1910 1065 1966 quidquid
1081 1908 1228 1952 vidisset
1250 1923 1416 1951 mutaret
1432 1912 1475 1950 in
1489 1909 1628 1951 saxum.
1654 1918 1690 1949 S.

940 1969 1034 2019 617.
1065 1973 1145 2022 Ipsi»
1166 1969 1308 2021 parem]
1338 1967 1416 2024 Qi
1440 1967 1624 2007 omnibus
1650 1981 1694 2007 u-

885 2035 954 2064 nus
980 2022 1054 2066 effe
1069 2023 1290 2066 consuevit:
1314 2036 1380 2071 ut,
1409 2030 1490 2066 Rex
1517 2025 1699 2079 Juppztee

882 2084 1036 2123 omnibus
1059 2084 1171 2123 idem.
1203 2087 1252 2123 Et
1276 2081 1376 2122 bene
1391 2080 1548 2123 honesta
1565 2087 1696 2124 AEneae

880 2137 988 2180 causa
998 2138 1170 2194 fugiendi
1184 2138 1251 2179 est.
1283 2139 1401 2180 Idem.

936 2199 1052 2252 Ipfia]
1083 2200 1175 2237 Non
1195 2195 1328 2237 frustra
1354 2196 1427 2235 hoc
1454 2209 1692 2250 pronomen,

882 2264 991 2306 auget
1006 2253 1113 2294 enirn
1128 2254 1221 2295 vim.
1252 2257 1311 2294 Ita
1326 2268 1364 2303 4.
1382 2257 1432 2294 G.

913 2316 1016 2351 Nunc
1036 2326 1098 2366 age
1119 2322 1270 2352 naturas
1282 2312 1405 2366 apibus
1416 2338 1430 2358 ,
1452 2325 1544 2365 quas
1555 2310 1698 2366 Juppi=

1025 2384 1084 2407 rer
1094 2370 1165 2422 ipse

912 2423 1091 2464 Addidit
1105 2452 1118 2471 ‚
1130 2422 1333 2480 expediam.

887 2482 946 2519 Ita
960 2481 1106 2522 Catull.

985 2557 1062 2569 —
1090 2536 1195 2589 nonsi
1205 2551 1259 2577 me
1273 2535 1453 2591 Juppiter
1462 2536 1537 2591 ips}
1544 2547 1666 2592 petar..

883 2592 1023 2633 cerda.

935 2652 1105 2706 Viresque
1122 2649 1339 2703 stranda]
1369 2649 1472 2702 Qia
1486 2647 1695 2692 fuerunt&

851 2713 854 2717 ’
882 2707 923 2746 in
937 2709 1119 2758 Troianis
1132 2721 1142 2747 ε
1155 2705 1218 2748 sed
1232 2720 1314 2747 non
1328 2704 1524 2759 prosperae.
1556 2713 1660 2747 Serv.

950 2769 1120 2821 Virefilue
1134 2764 1354 2819 semuncias-J
1383 2764 1479 2806 Huic
1506 2764 1587 2803 voci
1604 2774 1697 2804 nata

882 2820 1078 2863 felicitatis
1099 2821 1325 2876 significatio
1337 2820 1387 2861 ab
1398 2821 1578 2873 auguriis.
1611 2820 1696 2873 Qti

880 2879 1087 2933 captabant
1113 2879 1268 2934 auguria
1297 2906 1309 2923 ‚
1351 2890 1546 2931 nunquam
1577 2879 1696 2918 unico

881 2938 1057 2978 contenti
1079 2948 1190 2977 erant
1202 2965 1214 2982 ,
1241 2933 1303 2975 sed
1312 2934 1519 2986 captabant
1532 2933 1698 2987 sequens

882 3007 1060 3049 quoque3
1086 3007 1127 3034 ut
1141 2994 1306 3047 primum
1322 3020 1333 3038 ,
1346 2990 1370 3032 fl
1384 2991 1517 3031 infelix
1535 3018 1547 3034 2
1566 3003 1696 3032 muta-

885 3062 1008 3093 retur:
1037 3051 1063 3092 fi
1087 3051 1199 3096 felix,
1225 3050 1449 3089 firmaretur.
1483 3046 1693 3101 Sisequens

874 3109 1015 3151 itidem
1027 3106 1117 3151 esset
1137 3106 1275 3150 infelix
1291 3135 1303 3155 ,
1320 3105 1516 3148 dicebatur
1528 3110 1694 3203 agogum

1558 3177 1570 3204 l
1586 3164 1692 3209 Aet-ix,
