2037 3787
294 130 375 188 30
765 126 1114 183 P.V11‹

301 242 405 311 145
428 229 733 289 Detrudunt
750 227 893 286 navis
910 223 1148 305 scopulo,

1166 143 1201 179 G
1251 144 1275 181 1
1325 144 1361 184 L
1407 145 1438 206 ¹1
1486 146 1511 186 1
1563 126 1573 140 '

1188 228 1325 287 levat
1343 229 1445 310 ipse
1463 230 1711 313 tridenti3

420 318 494 374 Et
512 311 673 372 vastas
692 312 854 388 aperit
871 311 1029 387 Syrtis
1048 348 1064 375 ‚
1082 317 1135 367 &
1153 327 1261 368 tem
1268 332 1412 391 perat
1432 337 1643 395 aequor:

422 408 607 478 Atque
626 395 752 454 rotis
770 391 993 450 summas
1009 392 1207 452 levibus
1224 396 1501 474 perlabitur
1517 398 1700 459 undas,—

286 638 288 641 ’
357 624 577 678 Cymothoe]
607 617 1117 683 lno,Nereiquinquaginta
1166 618 1780 682 inhaerensextrahitur.Tac.1.3.

302 683 475 724 filiarum
496 694 598 722 una:
636 683 754 736 quam
775 682 969 719 Homerus
993 689 1119 730 mergi

301 740 468 781 similem
489 739 533 777 in
548 738 635 779 navi
649 735 870 792 praesentem
884 736 1010 789 fingit.
1041 735 1120 774 Di-

303 799 364 837 sta
379 825 390 842 ,
405 794 494 836 -ίωὸ
508 794 540 835 ’ἕῗ
552 795 734 847 κύματος
749 793 860 835 θέειν.
892 807 930 849 q.
944 793 983 832 d.
994 788 1120 832 cursus

298 854 514 894 fiustuum:
537 854 660 895 Triton‘
683 864 776 893 veto
799 851 892 892 deus
915 849 1089 890 marinus
1106 876 1119 894 ,

302 911 476 964 Neptuni
504 912 545 952 δε
561 910 706 952 salatiae
719 939 732 958 ,
754 910 814 952 vel
828 906 1029 948 oceani&
1041 909 1121 946 Te-

301 968 428 1021 thyos‘
443 972 485 1006 F.
503 967 675 1022 Neptuni
697 965 867 1013 tubicen.
897 964 1047 1006 Faciem
1061 976 1121 1004 re·-

299 1024 377 1064 fert
391 1025 567 1065 hominis
580 1024 697 1081 usque
709 1023 757 1064 ad
771 1023 931 1077 inguina
946 1049 960 1069 ,
973 1020 1066 1061 inde
1077 1021 1120 1061 in

307 1080 451 1134 piscem
478 1081 626 1123 definit.
660 1087 708 1122 Et
721 1080 849 1129 videre
872 1079 925 1120 est
939 1076 960 1120 ὲ
972 1078 1118 1126 Plinio,

303 1139 382 1178 haec
408 1152 490 1178 non
516 1142 627 1193 plane
638 1136 808 1179 fabulosa
823 1134 909 1177 effe.
943 1148 1035 1176 nam
1048 1135 1121 1174 Ti-

301 1195 412 1236 berio
424 1195 483 1235 Pri
487 1200 592 1250 ncipi
605 1191 796 1238 nunciaffi:
809 1192 904 1235 ulis
896 1191 1121 1247 ponenfium

301 1254 453 1307 legatos
467 1283 479 1301 ,
496 1253 617 1296 visum
630 1253 880 1306 auditumque
894 1251 1063 1306 quodam
1078 1250 1120 1289 in

303 1309 413 1364 specu
428 1312 577 1353 concha
600 1321 807 1352 canentem
830 1310 1054 1349 Tritonem.
1070 1311 1118 1349 v.

306 1373 360 1410 N.
374 1373 465 1407 AEn.
483 1385 545 1411 10·
563 1384 597 1411 v.
614 1382 706 1422 209.
737 1368 878 1409 Taubm.

362 1428 522 1480 Triton]
549 1426 693 1466 Similis
708 1430 812 1464 Deus
824 1422 998 1462 marinus
1016 1448 1029 1467 ‚
1043 1423 1122 1460 Ne-

305 1485 420 1538 ptuni
447 1486 486 1523 &
503 1484 647 1524 salatiae
661 1482 762 1521 filius
774 1480 850 1520 deae
862 1480 1017 1520 marinae
1031 1506 1047 1527 ,
1070 1475 1121 1517 ab

302 1555 402 1597 aqua
413 1537 505 1581 salsa
519 1540 639 1581 distat.
670 1541 826 1579 Servius.
941 1592 944 1594 ι

361 1598 522 1650 Tritom]
555 1603 616 1637 De
642 1596 716 1636 hoc
728 1595 814 1636 vide
827 1592 975 1634 Theoc.
988 1590 1032 1630 in
1044 1595 1121 1630 Eu-

303 1670 399 1710 ropa
413 1686 426 1705 ,
467 1654 676 1695 Hesiodum
699 1650 934 1706 Theogonia
946 1678 959 1697 ‚
1003 1647 1119 1691 ovid.

299 1713 377 1755 lib.
394 1728 430 1755 1.
448 1710 716 1763 Metamorph.
745 1717 925 1762 Hartung.

376 1770 601 1821 Adnixus]
631 1768 850 1822 AntIquum
873 1763 927 1805 est
940 1791 955 1813 ,
978 1774 1021 1804 ut
1043 1779 1124 1803 con-

303 1832 415 1870 nixus
434 1856 448 1877 ,
467 1827 606 1882 quibus
627 1823 743 1865 hodie
759 1836 840 1863 non
853 1823 1012 1862 utimur.
1046 1820 1122 1860 Di-

307 1888 431 1926 cimus
466 1886 573 1924 enim
608 1883 752 1936 adnifits
777 1883 818 1921 &
842 1881 1012 1932 connisus.
1053 1874 1118 1918 sed

306 1944 430 1983 multa
470 1942 546 1981 alia
579 1936 664 1980 usus
686 1950 821 1979 contra
844 1936 1119 1989 antiquitatem

304 2000 527 2041 vindicavit.
570 1998 637 2037 Illi
662 1996 771 2037 enim
795 1994 895 2050 parfi
923 1991 1119 2039 dicebant,

305 2070 382 2098 nos
402 2057 554 2112 peperci.
585 2058 686 2094 Item
711 2067 785 2094 nos
797 2053 961 2092 dicimus
964 2052 1115 2104 suscepi3

302 2115 364 2155 ini
381 2111 730 2167 dicebantfhccepis3
756 2120 799 2152 ut
825 2110 1049 2165 Succepitque
1062 2110 1118 2163 ig—

305 2174 506 2225 nemsoliis.
528 2170 694 2211 Servius.

361 2229 556 2271 Adnixus.
566 2228 584 2279 ]
596 2231 766 2278 Zeugma
778 2223 849 2272 est,
863 2221 994 2263 adnixi
1007 2220 1116 2261 enim

304 2285 444 2327 debuit
455 2286 582 2326 dicere
600 2302 610 2332 3
620 2294 663 2322 ut
674 2284 789 2336 paulo
802 2279 883 2335 post
897 2308 912 2328 ,
926 2279 1037 2318 Haud
1046 2281 1119 2318 ali-

271 2384 273 2387 ,
301 2356 360 2384 ter
370 2372 385 2392 ,
392 2345 586 2399 puppesque
597 2352 666 2381 tuae
675 2341 847 2395 pubesque
858 2349 1006 2378 tuorum.
1039 2340 1121 2375 Aut

301 2413 462 2455 portum
485 2408 594 2440 tenet
610 2411 620 2436 ε
645 2401 747 2451 Ergo
757 2396 914 2435 adnixus
927 2393 975 2433 ad
986 2393 1122 2432 Trito-

305 2472 401 2499 nem
415 2468 566 2497 tantum
578 2455 747 2509 pertinet
760 2481 773 2499 ‚
785 2452 851 2507 qui
864 2448 1121 2505 Cymothoen

303 2518 434 2566 juvat3
462 2514 552 2554 aliis
576 2524 661 2552 non
685 2510 836 2552 videtur
856 2520 1020 2560 zeugma
1032 2504 1122 2553 effe,

304 2573 409 2628 quod
433 2572 590 2612 adnixus
615 2581 699 2609 non
723 2570 908 2608 connixus.
937 2564 1050 2604 Ordo
1063 2576 1123 2604 ta·-

305 2643 399 2670 men
422 2624 475 2668 est
487 2656 503 2677 ,
530 2625 756 2680 Cymothoe
778 2622 888 2662 simul
909 2633 952 2660 ac
975 2623 1120 2662 Triton

301 2699 417 2728 acuto
429 2684 638 2725 detrudunt
648 2679 931 2733 naves-scopulo
942 2705 957 2726 ,
968 2678 1018 2718 ab
1029 2679 1120 2726 aris,
1132 2690 1136 2692 ’

300 2735 347 2786 in
372 2754 465 2798 quas
475 2744 544 2782 tris
554 2747 667 2782 Notus
678 2742 845 2795 abreptas
857 2739 895 2777 in
898 2739 996 2790 fitxa
1005 2739 1120 2776 laten-

303 2804 360 2844 tia
369 2810 523 2855 torquet.
553 2797 679 2838 Idem.

362 2855 589 2907 Adnisi-us]
614 2858 699 2894 Hoc
722 2850 840 2894 verbo
854 2848 953 2905 quali
965 2847 1114 2904 gestum

301 2913 543 2957 detrudentis
556 2909 744 2965 expreffit.
778 2914 838 2951 Ita
851 2921 894 2960 4.
907 2911 1003 2950 ΕΠ.

526 2983 613 3023 pars
621 2968 778 3025 grandia
792 2964 945 3006 trudunt

357 3030 503 3069 Obnixae
519 3029 695 3078 frumenta
709 3024 876 3064 humeris.

301 3090 354 3126 Et
373 3085 474 3126 bene
497 3076 577 3129 ait,
602 3081 824 3122 detrudunt:
849 3080 981 3118 κόντκε
1005 3077 1115 3117 enim

303 3144 426 3185 Graeci
438 3141 561 3185 trudes
574 3148 715 3183 vocant
725 3168 738 3188 ,
758 3135 896 3196 quibus
909 3135 1019 3178 navis
1031 3134 1116 3177 laxo

1881 493 1990 559 Ac,

1861 632 1986 675 uidam

1165 678 1330 720 trudibus
1340 687 1526 734 autfurcis
1537 687 1684 727 inertem
1697 634 1985 746 molemffroster-

1169 750 1265 776 nere.
1297 734 1464 779 Taubm.

1228 805 1324 857 ‚¹45⁶
1352 797 1514 849 Levat]
1542 801 1663 838 Leves
1685 811 1729 838 ac
1752 800 1993 856 navigabiles

1168 846 1286 889 facit:
1311 861 1353 891 ut
1366 880 1382 901 ,
1405 852 1637 910 Nostrumque
1657 858 1754 896 leves
1775 873 1989 915 quaecungue

1169 908 1334 949 laborem.
1368 910 1452 949 Alii
1473 914 1598 958 levat,
1630 913 1732 952 laxat
1751 932 1763 962 ;
1787 926 1858 965 ut,
1879 915 1990 971 atque

1173 975 1260 1029 “sd“
1280 968 1394 1020 levari
1414 969 1542 1008 Vmcta
1557 969 1663 1024 jubet*
1683 977 1859 1013 Prmmus.
1907 977 1994 1015 Set-

1173 1034 1268 1063 vius.
1621 1056 1622 1059 ,

1232 1080 1440 1132 Tridenti.]
1484 1082 1557 1121 Pro
1579 1082 1785 1131 Tridente,‘
1814 1084 1990 1128 dativum

1173 1148 1242 1188 pro
1253 1134 1437 1177 ablativo,
1468 1137 1585 1178 Idem.
2021 1186 2024 1189 ,

1227 1193 1318 1242 146.
1346 1196 1527 1250 Aperit]
1561 1194 1774 1252 Ideo,quia
1785 1210 1990 1241 arenarum

1171 1250 1353 1304 congerie
1375 1251 1641 1305 impediente,
1665 1250 1903 1308 praeclusaead
1915 1270 1992 1296 na-

1172 1308 1382 1360 vigandum
1405 1320 1527 1348 erant.
1560 1313 1753 1352 Caeterurn
1781 1311 1840 1352 bis
1862 1313 1986 1355 idern.

1176 1368 1277 1418 Ergo
1303 1364 1474 1405 immisso
1499 1366 1544 1406 in
1557 1378 1619 1405 eas
1631 1370 1728 1408 mari
1741 1380 1846 1422 aptas
1855 1370 1904 1409 ad
1917 1383 1990 1410 na-

1175 1421 1382 1475 vigandum
1416 1421 1523 1462 fecit.
1565 1423 1624 1462 Sic
1647 1426 1793 1466 Sallust.
1835 1426 1906 1466 Sed
1929 1429 1990 1468 ubi

1171 1490 1319 1534 tempore
1341 1483 1453 1526 anni,
1479 1495 1577 1520 mare
1598 1482 1988 1538 classibuspatefaffum

1173 1535 1232 1590 est.
1276 1535 1436 1576 Servius.

1231 1594 1414 1648 Aperit]
1444 1592 1639 1645 ostendit.
1674 1595 1790 1636 Idem.

1232 1654 1374 1705 Aperit
1400 1651 1529 1704 Syra]
1560 1653 1621 1691 Ita
1645 1662 1688 1692 ut
1711 1665 1827 1693 naves
1857 1664 1902 1695 ex
1918 1652 1986 1697 ‚his

1171 1705 1435 1760 exirepoffint.
1468 1710 1613 1749 Taubm.

1227 1765 1451 1822 Temperat.]
1468 1765 1740 1821 Tranquillum
1748 1764 1853 1807 facit.
1859 1769 1988 1810 Tran-

1173 1821 1306 1876 quillat
1320 1851 1332 1868 ,
1345 1819 1505 1862 serenat.
1538 1826 1700 1864 Servius.

1234 1891 1322 1930 147.
1353 1886 1489 1934 Atque
1511 1880 1637 1932 rotis.]
1662 1885 1766 1920 Bene
1789 1893 1873 1922 non
1898 1894 1988 1922 mo-

1172 1946 1276 1975 ratur
1299 1937 1341 1976 in
1354 1934 1609 1990 descriptione
1621 1950 1751 1978 currus
1775 1966 1788 1986 ,
1817 1950 1859 1979 ut
1871 1939 1988 1979 citius

1170 1992 1351 2034 liberetur
1379 1999 1533 2035 AEneas.
1565 1998 1620 2033 At
1642 1995 1687 2034 in
1704 2009 1738 2047 5.
1753 1994 1822 2035 ubi
1833 1997 1987 2037 nullum

1169 2050 1379 2102 periculum
1404 2050 1457 2090 est
1471 2080 1483 2097 ‚
1509 2052 1658 2104 pleniur
1671 2053 1711 2092 &
1724 2052 1837 2092 larius
1851 2054 1890 2093 ὃς
1903 2054 1988 2106 pla·

1169 2119 1322 2147 cantem
1334 2109 1456 2147 maria
1469 2111 1706 2161 Neptunum.
1737 2109 1796 2148 Sic
1808 2110 1928 2149 etiam
1941 2111 1988 2151 in

1169 2164 1413 2206 orationibus
1432 2164 1551 2213 facit,
1574 2178 1666 2219 quas
1689 2178 1761 2219 pro
1783 2164 1914 2206 cauffis
1928 2166 1989 2207 vel

1171 2221 1346 2262 extendit
1360 2252 1373 2270 ,
1386 2224 1446 2262 vel
1458 2223 1653 2263 contrahit
1665 2249 1681 2270 ‚
1694 2234 1735 2262 ut
1748 2224 1790 2262 in
1805 2223 1984 2264 Secundo

1171 2277 1275 2318 libro
1290 2308 1303 2326 ‚
1338 2281 1526 2332 quoniam
1548 2279 1735 2319 imminet
1759 2280 1987 2333 periculum,

1175 2349 1256 2376 uno
1280 2334 1386 2377 versu
1398 2338 1481 2385 ait,
1506 2341 1587 2392 Qu
1599 2339 1878 2389 re'sficmmaloco
1889 2345 1993 2379 Pan-

1173 2394 1238 2433 thu
1263 2396 1281 2437 ξ
1313 2409 1422 2449 φιαω
1463 2394 1671 2450 prendimus
1709 2408 1822 2434 arcem
1848 2396 1866 2439 ἐ
1908 2399 1992 2436 Set·

1179 2464 1273 2490 vius.
1551 2465 1555 2467 -

1231 2511 1365 2562 Atque
1389 2506 1511 2558 rotis.]
1540 2507 1649 2546 Alias
1674 2509 1876 2560 Neptunus
1887 2507 1988 2549 vitu-

1171 2563 1219 2603 lis
1244 2564 1406 2604 marinis
1442 2563 1657 2617 inequitat:
1682 2563 1745 2602 hic
1783 2576 1918 2612 curru,
1946 2575 1990 2605 ut

1173 2621 1348 2670 majestas
1371 2619 1481 2672 ipsius
1505 2630 1681 2672 appareat
1691 2619 1894 2674 augustior.
1928 2626 1990 2662 De

1171 2691 1282 2718 curru
1308 2680 1422 2730 Nept.
1441 2677 1609 2719 videatur
1620 2681 1813 2719 Homerus
1825 2679 1866 2719 &
1878 2678 1990 2720 Plato

1172 2736 1216 2775 in
1232 2734 1371 2776 Critia.
1406 2737 1553 2775 Taubm.

1225 2793 1427 2833 perlabitur
1438 2792 1592 2844 undas]
1620 2791 1756 2846 Figura
1767 2790 1831 2832 est.
1867 2788 1995 2847 Qod'

1168 2850 1278 2890 enim
1304 2861 1377 2889 nos
1390 2849 1512 2889 modo
1535 2848 1700 2901 dicimus
1724 2862 1792 2902 per
1815 2848 1990 2903 praepofi-

1173 2907 1325 2948 tionem
1350 2907 1510 2946 nomini
1546 2907 1767 2959 copulatam
1808 2905 1994 2961 sequente

1171 2961 1589 3018 verb03antiqui‚verso
1600 2961 2002 3017 ordine,ptaepofitio-·

1126 3035 1132 3039 ·
1173 3035 1263 3062 uem
1304 3021 1516 3061 detractam
1558 3021 1714 3060 nomini
1727 3050 1747 3068 ,Α
1781 3017 1996 3073 jungebant

1171 3076 1289 3120 verbo
1310 3097 1320 3128 3
1342 3079 1396 3118 ita
1409 3077 1541 3117 tamen
1558 3088 1601 3117 ut
1619 3075 1709 3117 effet
1721 3090 1798 3117 una
1810 3089 1899 3131 pars
1910 3089 1999 3117 ora-

1165 3137 1319 3191 tionis,
1346 3137 1386 3177 &
1412 3133 1612 3177 faciebant
1637 3134 1846 3186 honestam=
1865 3135 1999 3197 eloe-u-

1919 3201 2004 3233 tio·-
