2037 3787
418 84 876 184 AENn1nos
951 122 1288 183 L113.III.

1590 147 1699 209 541

30 253 134 293 210
151 226 448 307 Accipiunt.
490 223 801 304 Strophades
821 224 990 282 Graio
1007 223 1139 282 stant
1153 226 1369 284 nomine
1385 225 1536 288 dicstae
1552 268 1571 298 ,

148 309 329 370 Insulae
346 310 501 368 Ionio
519 311 572 366 in
590 329 786 388 magno
804 332 818 365 ι
856 327 977 385 quas
994 308 1100 366 dira
1117 310 1339 367 Celaeno
1355 349 1372 376 ‚

145 395 494 474 Harpyiaeque
506 395 683 450 colunt
701 393 806 447 aliae
820 430 837 457 ‚
856 390 1076 449 Phineia
1090 390 1361 472 postquam

148 475 334 535 Clausa
348 476 535 536 domus
552 515 570 544 ‚
599 472 899 555 mensasque
914 491 1059 535 metu
1073 477 1268 555 liquere
1284 476 1502 556 prioreS.

5 720 205 780 'firgandas
216 723 401 778 Harpyias
413 721 598 764 miserunt
612 738 622 763 z
649 735 740 779 quas
750 734 838 763 cum

25 781 166 824 fixistis
189 783 327 837 gladiis
351 780 661 835 persequerentur
687 809 701 829 ‚
730 777 839 834 pulsae

25 839 75 880 de
89 841 250 880 Arcadia
263 851 516 893 pervenerunt
529 838 577 878 ad
592 835 748 882 insulas,
758 849 838 891 quae

23 897 261 949 appellantur
276 899 403 937 Plotae.
437 900 583 935 Etcum
597 895 750 936 ulterius
762 893 839 933 vel-

26 953 110 994 lent
124 954 283 994 teudere
297 981 309 999 ‚
335 952 385 993 ab
401 953 501 992 Iride
514 951 708 992 admoniti
721 962 761 990 ut
773 950 837 989 de-

29 1008 201 1051 fisterent
214 1009 235 1051 ὲ
249 1010 358 1067 Jovis
373 1008 528 1050 canibus
545 1036 559 1056 2
583 1011 623 1049 δε
637 1006 721 1048 suos
745 1019 837 1046 con-

27 1078 222 1108 verterent
247 1068 418 1108 volatus:
445 1078 608 1120 quorum
630 1062 838 1109 conversio,

30 1123 201 1178 strophe,
225 1137 373 1164 nomen
401 1122 534 1164 insulis
558 1121 677 1162 dedit.
722 1122 840 1175 Qod

31 1182 268 1233 Apollonius
288 1178 504 1233 plenissime
528 1179 733 1233 exequitur.
785 1181 840 1218 Ut

28 1249 159 1277 autem
172 1251 282 1277 canes
298 1238 405 1293 Jovis
417 1237 633 1276 dicerentur
646 1264 658 1280 ,
691 1236 765 1275 haec
778 1247 840 1273 ra-

33 1294 94 1333 tio
107 1295 186 1335 est:
216 1295 304 1348 quia
318 1290 402 1345 ipi‘ae
416 1293 531 1332 Furiae
542 1290 615 1331 esse
636 1291 838 1332 dicuntur:

31 1352 133 1390 unde
149 1352 266 1390 etiam
278 1352 406 1402 epulas
420 1348 673 1402 prohibentur
688 1349 843 1400 abripe-=

28 1418 84 1453 re,
100 1406 269 1460 quodiest
283 1407 479 1446 Furiarum
495 1420 505 1444 :
534 1418 576 1447 ut
589 1437 601 1454 ,
618 1414 667 1450 (φ
682 1408 841 1447 man-ibus

19 1464 203 1519 prohibent
218 1467 406 1518 contingere
419 1467 568 1517 menfhs.
599 1462 714 1503 Unde
739 1465 780 1503 &
803 1475 843 1502 a·

27 1520 105 1560 vari
118 1519 317 1575 finguntur
329 1521 456 1560 Furias
469 1521 560 1574 pati:
573 1521 636 1573 qui
650 1519 845 1559 abstinent

27 1578 158 1630 partis.
189 1582 290 1617 Item
304 1575 401 1629 ipsas
415 1579 543 1618 Furias
553 1576 624 1618 effe
637 1579 750 1630 paulo
763 1577 843 1630 post

29 1631 110 1688 ipse
129 1633 284 1675 testatur
296 1635 428 1675 dicens
442 1646 455 1680 3
471 1637 574 1675 Vobis
590 1638 776 1676 Furiarum
790 1651 846 1690 ego

31 1693 186 1735 maxima
196 1692 323 1747 pando.
356 1696 482 1733 Furias
491 1702 619 1732 autem
631 1704 670 1730 ca
677 1704 742 1731 nes
755 1691 845 1737 dici,

32 1749 75 1788 &
104 1754 274 1789 Lucanus
298 1750 424 1796 docet,
448 1748 610 1797 dicens;
642 1751 847 1804 Stygiasque

33 1820 134 1846 canes
158 1809 195 1844 in
220 1810 291 1846 luce
309 1811 462 1861 superna
488 1807 697 1860 Destituam.
732 1809 780 1844 Et
805 1806 847 1844 in

33 1857 135 1902 sexto
159 1864 341 1917 Virgilius
357 1891 368 1909 ,
397 1866 561 1918 Visaeque
584 1879 688 1903 canes
715 1866 848 1902 ululare

23 1923 270 1975 perunum-am,
287 1920 533 1963 ,Adventante
545 1922 623 1960 dea.
641 1925 738 1960 Sane
749 1920 846 1973 apud

32 1974 182 2016 inferos
198 1981 307 2017 Furiae
319 1978 498 2018 dicuntur
515 2008 524 2022 2
540 1980 580 2017 &
594 1993 694 2017 canes
708 1995 721 2015 .-
750 1978 847 2030 'apud

18 2028 189 2083 superos
212 2035 298 2073 dim
325 2036 365 2074 &
388 2051 499 2074 aves:
529 2046 570 2074 ut
600 2032 679 2087 ipse
704 2034 846 2074 inxit.

35 2089 216 2132 ostendit.
266 2096 312 2130 In
338 2091 478 2130 medio
491 2105 596 2139 vero,
614 2095 777 2144 Harpyiae
789 2091 848 2130 di-

33 2158 184 2186 cuntur.
227 2148 342 2188 Unde
355 2148 489 2200 duplex
503 2150 543 2187 in
559 2148 616 2187 his
628 2147 774 2200 effigies
786 2150 850 2187 in—

34 2204 212 2244 venitur:
244 2207 284 2245 &
313 2204 378 2244 has
413 2206 595 2258 Virgilius
637 2217 713 2244 tres
738 2205 847 2251 dicit,

32 2273 193 2315 quarum
209 2263 372 2301 nomina
386 2261 470 2301 sunt
498 2264 612 2302 A'e'llo
628 2289 641 2308 ‚
666 2267 851 2316 Ocypete,

35 2319 210 2359 Ceiaeno.
242 2319 477 2372 Apollonius
488 2319 575 2358 duas
588 2319 711 2365 dixit,
736 2332 850 2374 quem

35 2373 80 2414 in
105 2389 192 2417 xxi.
207 2376 384 2430 Virgilius
398 2375 580 2428 scquitur:
610 2386 677 2423 ut,
694 2384 850 2431 Suntge·

34 2434 140 2472 mina»
157 2432 282 2488 pestes.
337 2433 512 2490 Qidam
538 2444 667 2473 autem
691 2433 824 2473 dicunt
839 2462 850 2480 ‚

36 2488 138 2529 hunc
161 2492 324 2529 Pineum
349 2492 401 2531 ob
426 2490 669 2530 divinitatem
696 2487 853 2530 {Thra-

34 2545 140 2586 cibus
153 2560 281 2600 regem
294 2560 517 2600 cooptatum
535 2575 546 2592 ,
575 2547 728 2586 consilia
754 2547 853 2587 divi-

41 2616 92 2643 na
107 2602 308 2655 prodidisse
324 2619 334 2643 :
363 2607 402 2646 ὃ(
417 2604 661 2645 obcoecatum
674 2603 854 2659 adpositis

39 2662 228 2714 Harpyiis.
259 2665 418 2702 Servius.
670 2686 673 2690 -

95 2718 332 2773 Strophadum
359 2737 411 2759 me
421 2719 563 2768 litora]
590 2719 707 2758 Graeci
725 2721 849 2770 Em&-

41 2773 184 2824 φιίδὶς,
206 2771 268 2815 sed
282 2778 412 2816 Larini
427 2778 466 2815 in
486 2776 615 2815 multis
629 2775 720 2816 illud
735 2793 756 2815 a
768 2789 852 2816 cor-

38 2831 189 2882 ripiunt
202 2860 214 2878 ,
237 2832 332 2872 teste
348 2831 542 2888 Dauliquio
559 2862 570 2879 ,
599 2834 660 2886 qui
675 2834 855 2885 exemplis

37 2887 211 2928 illustrat.
256 2890 298 2929 in
324 2895 423 2945 Epiro
441 2920 450 2937 ‚
486 2891 616 2944 inquit
643 2893 744 2930 Mela
776 2892 800 2930 l.
818 2905 852 2931 2.

37 2956 72 2983 c.
85 2957 123 2995 7.
141 2946 334 2987 Echinades
348 2948 626 3002 &Stropr'mdffi
641 2951 721 2987 olim
738 2952 853 2988 μίσεα».

37 3001 180 3042 strabo
194 3005 217 3042 1.
238 3006 274 3043 8.
304 3002 344 3057 αἶ
364 3009 391 3044 5?
408 3006 677 3053 Kumfflariaev
691 3005 854 3054 mnam!

40 3057 225 3111 περ’κείνᾮ
250 3063 317 3100 ‹Jb'o
335 3090 347 3107 ,
378 3063 472 3101 νῗουι
502 3063 855 3115 mymppdb'o'fifmq

1480 557 1706 623 Tristius

887 718 993 775 πεὶρε
1010 749 1021 769 ,
1036 722 1108 762 &c.
1142 721 1261 764 hodie
1281 726 1425 766 Stritali
1450 729 1705 782 appellantur.

887 782 1090 832 Emmeneffi

948 849 1040 877 210.
1073 838 1318 892 Accipiunt]
1343 842 1391 878 In
1416 840 1606 883 veteribus
1627 842 1704 884 ali-

889 903 984 946 quot
1004 892 1282 946 exemplaribus
1296 923 1308 941 ,
1335 900 1514 953 excipiunt
1548 901 1706 954 legitur.

889 950 992 1005 Qia
1006 950 1123 998 dixit,
1140 957 1331 990 Servatum
1344 969 1390 992 cx
1404 957 1522 995 undis.
1566 959 1636 996 Sed
1663 971 1708 998 e-

891 1007 975 1045 nim
1001 1007 1041 1046 δ(
1066 1010 1219 1061 accipere
1241 1009 1284 1047 in
1309 1008 1605 1065 hocfignificato
1619 1027 1704 1063 non

889 1062 1143 1117 improprium
1159 1077 1170 1101 z
1199 1075 1242 1104 ut
1257 1093 1268 1111 ,
1284 1070 1381 1106 Hinc
1391 1074 1554 1124 Drepani
1565 1088 1618 1111 me
1626 1086 1711 1126 por-

890 1131 949 1159 tus
961 1131 1011 1164 <9³
1023 1123 1209 1160 mlaetaln‘li
1213 1140 1228 1162 5
1239 1123 1336 1162 unda
1350 1129 1511 1181 Accipit.
1546 1130 1710 1173 Pierius.

949 1179 1090 1229 stant]
1115 1182 1224 1218 Sunt.
1253 1183 1409 1220 Servius.

950 1247 971 1274 2
982 1247 998 1274 Ι
1009 1249 1022 1275 1
1035 1264 1044 1274 .
1077 1239 1170 1274 Ionio
1182 1240 1216 1275 in
1232 1239 1391 1291 magum]
1408 1243 1453 1279 In
1467 1253 1610 1294 magno
1627 1255 1710 1283 ma-

890 1290 920 1328 ri
949 1292 1079 1331 Ionio.
1123 1296 1173 1331 Er
1197 1291 1393 1334 sciendum
1411 1298 1569 1338 Ionium
1584 1298 1706 1341 finum

892 1344 964 1387 efl'e
989 1347 1225 1391 immensum
1234 1349 1283 1390 ab
1299 1352 1413 1391 Ionia
1425 1351 1539 1407 usque
1551 1355 1598 1395 ad
1613 1358 1711 1397 Sici-

892 1406 985 1444 liam
1004 1422 1013 1445 ε
1049 1408 1088 1446 &
1107 1406 1213 1455 huius
1226 1418 1348 1459 partes
1362 1408 1434 1449 esse
1448 1412 1713 1464 Adriaticum,

896 1463 934 1501 δε
949 1463 1434 1518 Αοὴαίευτῃ,ΕΡίῐοῑίωιιι.
1465 1472 1588 1509 Maria
1601 1473 1712 1512 enim

896 1521 952 1559 vel
980 1518 1000 1560 {1
1016 1525 1224 1573 provinciis
1239 1551 1249 1567 ,
1287 1526 1344 1563 vel
1361 1524 1410 1562 ab
1423 1523 1558 1566 insulis
1571 1556 1582 1574 ,
1614 1530 1673 1568 vel
1685 1527 1711 1569 Ξι

892 1578 1111 1619 civitatibus
1126 1593 1273 1619 nomen
1287 1581 1490 1633 accipiunt.
1534 1589 1634 1625 Bene
1651 1599 1710 1626 et·

900 1646 949 1685 go
972 1638 1012 1674 in
1034 1653 1182 1692 magno,
1211 1636 1312 1690 quasi
1335 1640 1456 1678 etiam
1480 1640 1522 1679 in
1547 1655 1625 1696 quo
1637 1644 1715 1683 alia

901 1692 1023 1731 maria
1037 1690 1135 1732 sunt.
1168 1694 1341 1750 Qidam
1356 1692 1444 1735 sane
1459 1700 1590 1738 lonium
1604 1699 1652 1739 ab
1667 1704 1716 1741 Io

903 1749 1031 1788 Inachi
1045 1749 1122 1790 filia
1135 1750 1283 1792 dietum
1299 1754 1433 1792 volunt
1448 1783 1460 1801 ,
1474 1755 1576 1807 quod
1587 1769 1717 1798 amata

901 1803 973 1843 hoc
988 1820 1092 1846 mare
1105 1811 1337 1853 tranaverit5
1368 1811 1471 1864 quod
1486 1812 1527 1850 in
1543 1825 1585 1853 vr
1598 1828 1629 1854 1.
1646 1813 1714 1855 ubi.

899 1861 945 1901 de
959 1860 1063 1904 scuto
1077 1868 1200 1906 Turni
1213 1867 1383 1921 loquitur
1397 1896 1411 1916 ,
1443 1868 1591 1920 plenius
1606 1872 1717 1911 inve-

900 1920 996 1959 nies.
1041 1925 1231 1964 Nonnulli
1257 1927 1396 1966 Ionium
1421 1925 1470 1964 ab
1486 1928 1602 1966 Ionio
1615 1942 1719 1983 rege,

901 1978 965 2030 qui
980 1978 1020 2018 in
1035 1978 1154 2020 insula
1170 2009 1182 2025 ,
1197 1994 1276 2035 quae
1289 1992 1378 2022 ante
1393 1983 1589 2036 Illyricum
1603 1988 1722 2038 jacet,

899 2048 1126 2089 regnaverat
1138 2067 1148 2085 ,
1163 2039 1310 2079 dietum
1323 2040 1493 2080 tradunt.
1525 2042 1634 2082 Idaem.

958 2106 1046 2134 212.
1084 2100 1320 2150 Harpyiaeque
1344 2101 1458 2137 colunt
1472 2101 1586 2151 alma]
1615 2105 1719 2154 Ergo

906 2149 944 2187 &
959 2152 1118 2191 Celaeno
1132 2156 1309 2205 Harpyia.
1339 2158 1416 2193 Has
1431 2154 1612 2196 Hesiodus
1626 2157 1723 2199 dicit

904 2208 1160 2248 Thaumantis
1177 2211 1215 2249 &
1233 2212 1385 2250 Elestrae
1399 2211 1514 2259 filias,
1527 2227 1618 2266 quas
1630 2244 1640 2260 ‚
1655 2214 1721 2255 fic-

902 2274 943 2301 ut
967 2264 1113 2305 distum
1140 2266 1193 2306 est
1208 2295 1221 2315 ,
1251 2268 1407 2322 quidam
1424 2271 1550 2309 Furias
1565 2283 1723 2323 putant,

900 2331 988 2360 cum
1004 2323 1198 2362 Furiarum
1215 2337 1351 2370 mater,
1368 2321 1573 2367 secundum
1589 2328 1724 2368 Hefio-

903 2375 994 2416 dum
1010 2382 1127 2418 Terra
1139 2407 1156 2428 ,
1177 2377 1384 2422 secundum
1400 2380 1619 2438 AEschylurn
1634 2389 1723 2429 Nox

905 2432 962 2474 fit.
992 2436 1105 2476 Idem.

964 2492 1156 2545 Phineia]
1182 2492 1308 2536 verfio
1323 2498 1450 2535 Graeca
1463 2495 1531 2537 est.
1563 2498 1677 2539 Idem.

963 2553 1224 2605 Harpyiaeque,
1252 2558 1325 2596 &c
1348 2552 1364 2604 ]
1397 2553 1652 2596 Thaumantis
1678 2558 1721 2598 δε

906 2606 1061 2646 Elestrae
1083 2607 1181 2647 filias
1206 2609 1300 2648 dicit
1324 2610 1496 2663 Hyginus
1525 2613 1567 2652 in
1593 2612 1725 2664 praefa-

904 2663 1015 2703 tione
1029 2692 1043 2712 ‚
1058 2666 1099 2704 δε
1115 2662 1263 2706 Hefiod.
1278 2666 1320 2704 in
1334 2668 1537 2721 Theogon.
1556 2669 1718 2723 7c1c265.

903 2733 1060 2773 quarum
1076 2721 1150 2762 haec
1162 2722 1246 2764 sunt
1260 2726 1437 2770 nomina,
1448 2731 1729 2781 Iris,Harpyiae,

906 2782 1034 2818 Celaeno
1048 2807 1060 2825 ,
1088 2788 1235 2833 qupete
1249 2810 1261 2828 ,
1288 2783 1466 2824 Podczrce.
1501 2784 1546 2823 de
1561 2798 1725 2826 numero

908 2848 988 2875 non
1014 2838 1211 2877 convenit.
1261 2838 1443 2880 Fabulam
1470 2844 1727 2894 Harpyjarum

908 2893 1041 2932 Phinei
1080 2907 1210 2935 narrat
1235 2897 1498 2947 Apollodorus
1526 2891 1727 2943 'Bibliotin

903 2952 914 2990 l
941 2963 971 2989 1.
990 2952 1106 2991 ovid.
1127 2955 1200 3000 1.7.
1218 2957 1309 2993 Met.
1333 2953 1373 2992 in
1389 2955 1590 3008 principio.
1607 2962 1726 2998 Emm-

966 3021 986 3048 2
999 3021 1060 3057 13.
1095 3013 1308 3065 Nlenslzfilue
1321 3023 1424 3050 metu.
1439 3013 1452 3063 ]
1477 3017 1560 3052 Hoc
1573 3014 1642 3062 est,
1657 3015 1727 3055 iic·

910 3065 1109 3107 utdistum
1121 3066 1174 3108 est
1193 3095 1205 3115 ,
1230 3069 1340 3124 pulsae
1363 3065 1385 3109 31
1407 3070 1531 3111 Zetho
1547 3073 1586 3111 &
1602 3074 1724 3114 Calai.

42 3116 276 3170 Στροφαίοῦες,
291 3118 465 3175 οἱπέχονζῇ
477 3116 646 3171 μέλις-α’
661 3135 737 3162 πως
761 3119 790 3161 ‘2⁹
815 3121 860 3164 ›i-
912 3125 1070 3164 Servius.

1546 3197 1622 3238 214
1640 3189 1731 3230 .Tn‘-
