2037 3787
473 144 536 205 'AE
569 165 608 202 N
639 164 673 203 E
708 164 732 202 1
764 164 805 202 D
839 163 875 201 o
912 158 937 198 s

169 242 432 309 Concilias
451 266 465 302 :
484 261 540 301 tu
557 242 646 300 das
661 241 825 320 epulis
841 239 1150 300 accumbere
1168 236 1382 304 divum.

1023 138 1187 204 [αἱ
1228 122 1281 202 1.
1643 138 1717 218 ‘55

61 337 135 396 80
153 328 582 405 Nimborumque
598 323 720 382 facis
733 322 1202 404 tempestatumque
1218 337 1512 402 potentem.

75 405 80 409 ⁴
168 417 300 473 Haec
318 409 405 471 ubi
422 408 559 469 dicia
575 446 593 476 ,
614 429 798 466 cavum
818 404 1065 469 conversa
1081 403 1286 486 cuspide
1305 420 1547 467 montem

50 633 94 674 ui.
106 630 325 690 ῥρέξῶῶιμιῑ
340 630 488 682 suidas,
520 616 624 689 quod
637 631 779 673 hastam
793 645 858 687 ap-

48 693 165 744 pellat
190 689 328 747 J'ustin.
345 691 368 729 l.
388 703 457 743 43.
473 702 505 729 c.
524 700 564 744 3.
588 705 652 746 per
679 707 720 730 ea
746 691 862 730 adhuc

1625 487 1719 545 In-

907 629 1105 683 penatium
1119 629 1324 672 vistorum:
1349 624 1510 672 Veneris
1524 652 1536 671 ‚
1548 620 1722 665 Helenae»

906 687 1051 727 Paridis
1064 715 1079 735 ,
1103 689 1143 727 &
1159 688 1367 741 Deiopejae.
1403 690 1507 726 Item
1517 680 1617 728 loci,
1628 688 1722 730 pro-

50 759 203 803 tempora
215 763 312 802 reges
324 746 438 797 hastas
444 761 509 802 pro
519 748 725 787 diademate
760 748 867 788 habe·
904 755 988 796 pter
1024 743 1288 784 mobilitatem
1328 739 1523 796 Thyrreni
1547 736 1664 778 maris
1677 734 1722 774 &

50 806 147 851 bant,
161 819 249 859 quas
261 806 370 845 (ἕνκαὶ
379 800 523 856 sceptra
532 804 671 845 dixere.
686 803 733 843 ad
745 815 858 858 quem

53 861 181 902 locum
193 857 528 901 consuleTurneb.
542 863 566 901 1.
587 874 700 903 22.c.
727 873 787 900 12.
813 857 861 898 ab

53 917 126 958 hoc
148 930 255 972 reges
280 922 440 958 Homer.
473 918 583 959 Iliad.
619 918 659 966 β.
699 915 764 966 ybs.
790 917 857 958 86.

56 975 271 1029 σκηπτέχοι
286 974 481 1022 βασιλῆες.
495 975 535 1015 id
558 974 639 1020 est,
672 972 861 1023 annena&-

54 1032 159 1084 φόροι
180 1032 371 1079 βασιλεῖς.
412 1042 455 1072 ut
480 1030 676 1072 Scholiast.
700 1042 858 1069 aureum

52 1087 249 1142 gestabant
260 1102 368 1143 reges
379 1086 595 1134 Persarum,
626 1087 732 1142 quod
746 1085 855 1126 testa-

53 1157 115 1185 tur
138 1144 242 1186 Brisfi
270 1146 319 1186 de
341 1159 448 1200 regn.
461 1141 559 1185 Pers.
591 1144 662 1185 'l.1.
682 1157 721 1198 p.
735 1156 802 1198 43.
820 1145 861 1184 &

54 1202 149 1256 146.
175 1204 382 1257 Emmeneffl

111 1261 315 1316 Juvemque
337 1259 545 1310 concilias.]
573 1257 863 1312 Hysteroprote·

57 1328 129 1356 ron
154 1313 324 1356 insensu.
360 1316 564 1363 non-enim
579 1316 753 1372 Juppiter
769 1327 863 1354 con-

53 1373 207 1412 ciliatur
219 1374 359 1412 ffiolo:
388 1369 450 1412 sed
465 1374 601 1412 ffiolus
626 1372 743 1430 Jovi,
767 1370 867 1426 quafi

57 1428 254 1482 superiori.
308 1429 583 1469 Conciliantur
607 1440 736 1470 autern
759 1428 868 1477 novi,

56 1487 351 1527 reconciliantur
361 1487 524 1541 antiqui.
553 1490 716 1527 Servius.

110 1545 316 1600 Jovemque
328 1547 504 1584 concilias.
517 1546 532 1593 Ἰ
569 1549 756 1597 Impetras
767 1540 866 1597 mihi

58 1597 253 1654 regnum}
269 1605 367 1656 Jove
390 1601 609 1641 conciliato.
646 1607 794 1643 Donat.
823 1599 866 1638 in

61 1658 218 1698 Phorm.
243 1661 333 1698 Ter.
350 1660 388 1698 ὅ(
402 1656 514 1698 Prisc.
527 1657 599 1697 lib.
616 1671 654 1698 1.
682 1664 744 1698 De
758 1661 866 1697 Con-

61 1714 187 1755 strust.
213 1714 387 1769 Attingit
411 1727 539 1755 autem
568 1728 650 1755 rem
676 1713 868 1769 Phyficam

59 1770 183 1812 verbo,
190 1776 385 1812 conciliare.
418 1785 508 1812 nam
526 1771 631 1827 Juno
644 1774 697 1813 est
710 1776 775 1813 aet
790 1801 803 1821 ,
830 1784 873 1810 ex

63 1830 170 1877 cujus
182 1839 293 1869 motu
308 1829 412 1869 venti
425 1841 668 1883 generantur:
696 1832 874 1886 Juppiter

63 1899 155 1928 vero
168 1886 269 1940 ignis
282 1885 334 1925 est
348 1915 363 1935 ‚
399 1886 598 1941 quia'e'rem
613 1888 819 1940 temperat.
834 1893 873 1927 T.

119 1956 184 1994 79.
214 1951 266 1983 Tu
290 1943 357 1982 das
370 1946 481 1998 epulis
494 1945 692 1984 accumbere
709 1942 876 1996 divam]

66 2001 151 2038 Hoc
162 1998 234 2049 est,
254 1999 371 2040 deum
397 2013 461 2040 me
481 1999 584 2041 facis.
617 2000 757 2053 duplici
769 2001 876 2040 enim

64 2056 216 2096 ratione
228 2056 383 2098 divinos
395 2057 564 2097 honores
579 2058 878 2104 meremur-,dea-

64 2125 151 2157 ,rum
174 2114 358 2168 conjugio
387 2143 398 2161 ‚
432 2117 472 2155 &
494 2115 677 2155 convivio
699 2116 874 2155 deorum.

67 2169 172 2210 unde
197 2171 239 2210 in
265 2172 453 2212 Bucolicis
476 2172 640 2226 legimus
655 2201 671 2221 ,
689 2180 774 2224 rNec
796 2173 878 2212 deus

67 2226 159 2266 hunc
180 2231 300 2281 mens&
311 2256 327 2276 ,
357 2229 426 2268 dea
448 2245 510 2269 nec
533 2231 684 2284 dignata
698 2232 803 2271 cubili
816 2233 874 2271 (H.

72 2287 169 2322 Sane
179 2286 289 2337 epulis
300 2287 500 2326 accumbere
512 2313 528 2334 ‚
554 2284 692 2327 secund
699 2300 761 2326 um
777 2298 878 2326 tem·

71 2340 180 2391 poris
192 2338 510 2382 consuetudinem
524 2343 619 2382 dixit
633 2371 645 2390 ,
674 2357 766 2383 nam
781 2344 879 2383 olim

70 2393 244 2437 sedentes
269 2395 545 2446 vescebantur,
581 2398 671 2439 ficut
695 2399 773 2453 ipse
797 2414 878 2440 me-

70 2453 215 2500 minit,
245 2456 496 2510 Gramineoque
521 2461 614 2496 viros
636 2460 723 2495 locat
746 2459 879 2512 ‘'pfi’fi‘·

70 2510 149 2550 dili.
178 2513 217 2550 &
233 2539 244 2557 ‚
266 2513 445 2568 perpetuis
459 2515 562 2565 saliti
578 2525 700 2567 patres
710 2514 883 2564 confidere

71 2568 198 2619 menfis
225 2586 237 2607 :
274 2570 313 2608 &
342 2568 443 2623 apud
468 2573 680 2610 Homerum
705 2565 881 2611 sedentes

75 2625 367 2678 Diiepulantur.
400 2630 558 2666 Servius.

129 2686 208 2721 Das
220 2683 367 2736 epula]
384 2684 556 2736 Superius
571 2682 800 2723 beneficium
816 2682 883 2723 hu-

75 2740 275 2779 manitatis
296 2742 580 2789 accumulatur,
612 2738 638 2780 fi
662 2741 885 2781 convivium

906 800 1194 853 proximitatem
1222 800 1350 840 ltaliae.
1382 801 1480 839 item
1514 789 1725 846 temporis:

908 870 1000 896 nam
1028 861 1134 914 Juno
1161 857 1328 896 breviter
1351 855 1500 901 oravit,
1532 849 1724 893 &AEolus

910 913 1062 955 brevius
1074 911 1287 966 respondit,
1302 927 1350 953 ne
1360 909 1610 966 longitudine
1620 917 1724 945 tem-

908 984 975 1024 pus
995 971 1165 1011 nocendi
1176 970 1470 1012 subtraheretur.
1507 973 1682 1008 Donatus.

965 1035 1050 1069 Das
1061 1031 1257 1069 accumbere
1266 1029 1299 1082 .]
1328 1027 1434 1066 Facis
1448 1037 1511 1065 me
1521 1018 1726 1063 accumbe-

907 1096 973 1129 re,
1016 1083 1088 1125 hoc
1117 1085 1191 1126 tibi
1221 1084 1360 1126 debeo.
1400 1082 1565 1136 ideoque
1580 1090 1644 1117 me
1657 1086 1722 1116 to-

909 1152 992 1181 tum
1006 1139 1062 1181 sui
1076 1140 1255 1182 beneficii
1269 1138 1343 1182 effe
1367 1138 1503 1182 lubens
1526 1133 1721 1190 profiteor.

911 1201 1018 1295 an.
1036 1200 1210 1240 Marcell.
1223 1201 1318 1240 citat
1331 1196 1506 1239 nostrum
1528 1195 1554 1235 l.
1575 1205 1615 1247 3.
1630 1194 1721 1233 ΕΒ.

962 1319 1209 1370 Inmotamque
1220 1315 1280 1355 coli
1290 1311 1394 1354 dedit
1407 1340 1420 1360 ,
1451 1314 1504 1355 ξφ
1515 1317 1731 1349 contemnere

1112 1384 1248 1412 Uentos.

912 1426 1018 1481 quod
1041 1439 1188 1469 veteres
1214 1423 1485 1470 accubuerint‚
1514 1436 1559 1463 ex
1585 1430 1734 1474 appen-

913 1482 997 1525 dice
1033 1489 1076 1524 F.
1102 1484 1235 1527 Urfini
1259 1484 1307 1524 ad
1335 1483 1463 1523 ciacc.
1493 1479 1540 1520 de
1564 1477 1728 1519 Triclin-

912 1545 1157 1594 p·247.248.
1186 1540 1378 1597 liquidum
1409 1536 1512 1578 stitis.
1544 1530 1730 1599 antiquis}

917 1597 1019 1638 {imis
1032 1610 1165 1639 tamen
1178 1596 1420 1653 temporibus
1433 1592 1542 1648 prisci
1558 1600 1732 1635 Romam

916 1654 1098 1696 sederunt
1131 1657 1343 1710 epulantes.
1399 1651 1483 1706 post
1516 1650 1648 1691 cibum
1672 1647 1735 1688 su-

919 1712 1340 1754 mentesaccubuerunt
1364 1710 1460 1756 viri,
1482 1708 1643 1749 faeminae
1666 1718 1736 1746 au·

920 1780 1002 1810 tem
1026 1768 1219 1811 sederunt.
1262 1770 1369 1812 Dein
1391 1765 1566 1809 accubuit
1577 1774 1737 1819 uterque

920 1826 1142 1869 sexusidcm
1154 1840 1190 1881 p.
1212 1842 1301 1881 244.
1318 1841 1408 1880 245.
1441 1824 1646 1878 Emmenesjl

995 1886 1059 1927 80.
1104 1885 1418 1941 Nimborumque]
1456 1882 1642 1923 Nubium.
1676 1886 1738 1925 ut,

923 1946 976 1986 Θ
987 1950 1123 1983 Lunam
1135 1945 1174 1983 in
1185 1946 1302 1985 nimbo
1314 1959 1384 1983 nox
1411 1939 1615 1998 intempesta
1637 1948 1738 1978 tene-

920 2002 995 2040 bat.
1029 2000 1195 2041 servius.

998 2057 1316 2113 Tempqsiatumque
1348 2053 1563 2112 potentem]
1598 2050 1643 2092 Id
1667 2046 1739 2095 est,

920 2112 1144 2154 dominum.
1176 2120 1308 2156 Horat.
1324 2111 1518 2166 l.1.od.3.
1541 2107 1741 2162 fictediva

918 2183 1042 2224 potens
1057 2175 1175 2226 Cypri.
1209 2172 1329 2211 multa
1355 2168 1542 2223 congessit
1567 2164 1742 2216 exempla

925 2228 1152 2270 Lambinus.
1160 2226 1440 2269 violentiffimae
1452 2223 1686 2279 tempestatis
1697 2219 1743 2259 fit

925 2287 1080 2325 mentio
1101 2286 1201 2340 apud
1226 2285 1342 2325 ovid.
1368 2287 1461 2327 l.1x.
1481 2283 1542 2334 ybs.
1558 2284 1654 2335 480.

985 2349 1073 2384 Cum
1085 2357 1185 2384 mare
1189 2345 1258 2397 sub
1272 2344 1402 2384 noc'Zem
1412 2342 1559 2383 tumidis
1573 2341 1743 2393 albescere

1095 2403 1198 2454 caepit

985 2461 1014 2495 F
1016 2458 1164 2497 laHihus
1180 2474 1189 2503 3
1203 2462 1255 2501 (θ’
1261 2469 1412 2512 praeceps
1410 2457 1553 2511 spirare
1565 2453 1744 2495 valentius·

1071 2518 1187 2552 Eurus.

989 2569 1126 2612 Ardua
1139 2597 1152 2616 ‚
1180 2568 1398 2624 jamdudum
1414 2596 1428 2617 ,
1439 2567 1589 2609 de‘mitte
1601 2580 1746 2614 cornua,

1099 2626 1211 2666 reHor

992 2686 1129 2736 Clamat
1144 2702 1154 2730 ;
1185 2689 1237 2728 (θ’
1248 2684 1425 2723 antemnis
1437 2694 1548 2724 totum
1549 2680 1748 2735 siabnec‘lite

1126 2747 1256 2787 velum.
1288 2746 1371 2784 &a

73 2806 161 2833 cum
176 2797 328 2847 potiore
341 2795 551 2839 misceatur.
581 2798 717 2838 Tertio
733 2826 745 2843 ,
761 2795 884 2837 ficum
934 2791 1173 2838 horridarum
1185 2797 1332 2852 aliquot
1342 2795 1608 2848 tempestatum
1621 2806 1751 2835 exem-

37 2872 43 2880 ι
78 2852 297 2904 potioribus
308 2855 485 2906 plurimis
497 2884 509 2902 ‚

81 2905 241 2959 persona
254 2923 334 2950 non
347 2909 473 2952 sedeat
486 2940 499 2959 ‚
517 2922 559 2952 ut
572 2911 653 2951 fieri
669 2909 766 2952 solet
781 2939 796 2958 ,
825 2910 887 2951 sed

79 2964 302 3006 accumbat:
332 2965 460 3021 posuit
482 2970 526 3009 in
548 2969 627 3008 fine
659 2968 758 3016 hoc,
787 2970 891 3022 quod

79 3019 263 3062 desideras
289 3034 397 3065 tuum
411 3025 492 3077 est„
512 3024 760 3067 Personarum
775 3027 892 3079 igitur

82 3078 122 3117 in
148 3092 303 3133 utraque
329 3082 505 3122 oratione
539 3080 732 3123 rationem
749 3082 895 3129 habuit,

76 3132 218 3177 scilicet
231 3139 398 3196 Junonis
412 3167 423 3186 ,
455 3140 556 3182 AEoli
572 3169 584 3187 ,
614 3141 893 3192 Troianorum,

539 2852 890 2909 quartofiinferior
935 2855 996 2908 pla
1029 2852 1159 2895 habet*
1181 2851 1344 2895 Farnab.
1380 2852 1444 2905 ybs.
1459 2866 1551 2909 499.
1609 2858 1749 2894 Emme-

937 2913 1061 3008 nessii.
1094 2971 1183 3009 ΗΜ
1204 2969 1262 3009 ubi
1286 2967 1430 3020 diam]
1467 2971 1518 3006 Et
1543 2965 1754 3023 abJunone

942 3026 982 3064 &
995 3024 1046 3065 ab
1060 3027 1186 3066 AEolo.
1223 3029 1272 3065 Et
1287 3053 1300 3070 ‚
1326 3026 1425 3065 diHa
1438 3053 1450 3071 ‚
1477 3024 1505 3063 fi
1519 3036 1667 3064 nomen
1679 3020 1751 3070 est,

942 3082 1048 3121 dedit
1061 3094 1075 3127 ς
1106 3081 1133 3121 fi
1155 3083 1399 3135 participium
1423 3080 1527 3122 deest
1540 3083 1639 3134 fimt.
1671 3079 1750 3128 vel,-

942 3140 1010 3180 haec
1023 3142 1082 3182 ubi
1097 3140 1199 3180 elisia
1211 3169 1223 3187 ‚
1236 3140 1488 3248 pronposslquam
1501 3167 1513 3188 ,
1524 3135 1751 3235 ἃᾰνεεξὶέἓξὲ
