2037 3787
429 95 901 154 AENizrnos

987 90 1318 150 Lrn.111.
1605 90 1723 162 609

52 209 159 274 550
175 183 649 267 Graiugenumque
664 180 856 239 domos
871 177 1202 259 suspectaque
1217 175 1493 257 linquimus
1511 193 1648 235 arva.

170 273 311 330 Hinc
327 269 458 327 finus
476 265 741 334 Herculei,
766 263 802 320 si
821 285 937 320 vera
954 261 1030 321 est
1047 259 1201 327 fama,
1218 261 1443 318 Tarenti

171 354 437 414 Cernitur.
478 349 665 407 attollit
681 346 731 405 se
749 345 865 406 diva
880 346 1088 404 Lacinia
1105 361 1284 402 contra
1300 381 1318 408 ‚

98 532 188 573 550.
217 512 699 573 Grajugem'imque-domos]
728 512 788 553 sic
800 512 854 552 est

45 573 194 617 dietum
207 603 222 623 ,
235 573 562 629 quemadmodum
576 577 776 627 Trojugena.
807 575 854 612 Et

47 630 246 677 sciendum
273 630 443 671 sacrificii
470 641 622 669 tantum
647 626 765 669 caussa
788 642 855 669 cos

47 687 211 742 tetigisse
241 689 488 728 Calabriam:
517 685 583 726 ubi
606 687 853 726 dicunturac-

32 743 188 799 ,cepisse
215 745 428 788 Palladium
443 771 457 792 ‚
481 741 571 784 sicut
596 743 741 784 distum
766 742 818 782 est
833 741 855 782 a

52 803 274 851 Diomede,
302 804 362 842 vel
386 802 532 855 Ulyxe,
560 813 629 839 nec
654 800 855 839 immerito

49 858 258 900 dubitatur.
299 865 353 900 ut
375 861 483 898 enim
509 858 550 896 in
575 855 740 896 secundo
762 858 858 910 legi-

52 917 306 967 muffiambo
331 925 544 968 rapuerant.
575 920 704 953 Domos
725 926 855 954 autem

53 974 145 1013 ideo
157 975 258 1029 quod
273 975 437 1013 Helenus
453 1000 466 1019 ,
491 977 520 1011 C
521 972 628 1011 unc‘ta
637 973 738 1011 malis
750 972 856 1012 laabi-

50 1042 175 1070 tantur
187 1034 316 1071 moem'a
327 1032 459 1084 Grajis.
501 1027 666 1067 Servius.

111 1102 158 1140 55
172 1101 202 1128 1.
235 1090 409 1134 Herculei,
427 1086 464 1137 si
476 1101 561 1125 vera
584 1085 629 1137 est
641 1087 746 1134 fama
759 1112 772 1130 ‚
788 1088 859 1123 Ta-

58 1151 164 1184 renti.
186 1143 203 1196 ]
243 1143 387 1183 Fabula
410 1143 496 1183 talis
516 1140 570 1181 est
585 1171 596 1188 ,
620 1145 793 1180 Lacones
819 1141 859 1179 ὃς

56 1198 314 1243 Athenienses
336 1201 402 1241 diu
423 1201 528 1240 inter
553 1195 591 1238 se
614 1196 860 1236 bellattasta-

56 1269 174 1297 runt:
217 1270 304 1298 cum
327 1269 487 1312 utraque
510 1267 592 1308 pars
614 1254 861 1306 affligeretur,

56 1315 246 1366 Lacones,
271 1313 592 1369 quibusjuventus
601 1312 750 1357 deerat,
769 1317 860 1363 pr'ae-

51 1382 292 1422 ceperunt,ut
305 1372 561 1426 virginescum
576 1368 859 1424 quibuscunque

51 1428 370 1469 concumberent.
414 1429 509 1482 Qo
531 1426 676 1466 fastum
699 1424 751 1465 est
764 1451 778 1470 ,
804 1435 861 1471 ut,

53 1496 141 1522 cum
155 1485 237 1539 post
251 1482 379 1525 sedata
391 1484 508 1533 bella,
519 1486 695 1533 juventus
707 1482 864 1521 incertis

36 1542 275 1596 2parentibus
299 1554 386 1582 nata
402 1571 413 1588 ,
442 1544 481 1582 ὃ(
494 1543 656 1594 patriam
669 1536 864 1580 erubesce-

52 1610 112 1637 tet
125 1627 137 1643 ,
165 1601 206 1639 ὃ(
221 1598 297 1646 fibi
319 1598 409 1639 esset
420 1597 632 1653 opprobrio
646 1598 758 1652 (nam
774 1599 861 1635 Par-

50 1653 192 1695 theniae
214 1655 455 1710 dicebantur)
477 1667 634 1709 accepto
659 1656 752 1694 duce
766 1652 860 1692 Pha-

45 1712 310 1754 lauto'ostavo
322 1714 371 1753 ab
383 1714 544 1754 Hercule
559 1741 571 1759 ,
583 1710 746 1766 profee'ri
759 1709 862 1750 sunt:

39 1769 241 1825 ,delatique
261 1770 310 1811 ad
332 1769 447 1812 breve
458 1770 642 1824 oppidum
657 1766 860 1813 Calabriae,

34 1826 157 1881 -quod
169 1831 287 1868 Taras
301 1828 470 1881 Neptuni
483 1827 583 1868 filius
594 1825 860 1871 fabricaverat,

33 1883 92 1925 .ἰά
113 1897 323 1925 auxerunt:
352 1888 392 1926 ὅ(
418 1882 542 1938 prisco
555 1885 723 1924 nomine
734 1884 862 1935 appel-

48 1941 180 1982 larunt
193 1950 393 1983 Tarentum.
424 1947 531 1984 Bene
541 1954 636 1995 ergo
651 1953 753 1981 nunc
765 1947 861 1980 Her-

46 2001 137 2037 culei
163 2003 320 2040 Tarenti.
351 1998 413 2039 Est
440 2000 586 2039 &alius
597 1998 731 2038 fabulae
745 1996 864 2037 ordo:

47 2055 335 2103 Lacedaemonii
355 2069 442 2096 cum
464 2053 638 2096 adversus
651 2053 863 2095 Messenios

51 2108 198 2151 bellum
211 2111 396 2153 haberent
409 2140 422 2160 ,
432 2108 685 2153 solisTenibus
697 2113 861 2159 relictis,

40 2179 218 2217 >ornnem
241 2171 481 2216 iuventutem
494 2170 729 2216 eduxerunt,
759 2170 859 2218 jura-

37 2225 317 2280 *veruntque,se
329 2239 412 2267 non
421 2237 512 2266 ante
523 2223 734 2267 reversuros
743 2238 858 2278 quam

37 2280 283 2324 ,Messeniam
306 2280 588 2336 expugnassent.
619 2283 691 2322 Sed
703 2295 790 2322 cum
805 2283 859 2321 vi-

35 2338 178 2380 .stotes
191 2338 323 2380 reversi
335 2338 455 2380 essent
471 2369 482 2386 ,
496 2336 747 2393 vidissemque
759 2339 859 2378 mul-

51 2396 265 2437 titudinem
289 2399 504 2449 juvenum,
527 2397 648 2451 quiex
661 2394 856 2436 servorum

35 2454 94 2496 ⁴&
105 2453 354 2495 dominarum
366 2454 558 2508 virginum
568 2453 777 2494 concubitu
792 2481 803 2499 ,
820 2463 860 2492 ut

34 2511 208 2565 ,quidam
234 2513 395 2559 volunt,
435 2510 511 2551 fine
535 2512 616 2551 ullo
640 2508 860 2550 discrimine

37 2567 271 2619 nuptiarum
286 2569 368 2609 nati
380 2579 489 2608 erant
505 2597 516 2614 ‚
539 2567 665 2608 servos
675 2566 862 2620 patibulis

46 2620 862 2680 suffixerunt,filiosstrangulaverunt,nepo·

40 2690 112 2731 ⁴tes
133 2680 363 2737 fugaverunt
378 2697 389 2722 z
412 2682 497 2728 Sed,
512 2693 554 2723 ut
565 2682 796 2729 aliidicunt‚
811 2682 857 2721 ti-

50 2750 203 2780 mentes
217 2768 230 2785 ,
243 2753 293 2780 ne
305 2753 379 2795 qua
391 2753 434 2780 ex
443 2741 522 2780 illis
533 2737 722 2779 discordia
736 2736 860 2779 nasce-

35 2806 153 2837 .1etut
164 2825 175 2842 ,
202 2810 357 2849 pueros,
368 2797 486 2852 quiex
498 2795 712 2850 virginibus
727 2796 806 2836 nati
822 2809 859 2834 e-

49 2864 153 2899 rant,
176 2855 390 2895 Parthenias
415 2865 646 2894 vocaverunt
661 2882 672 2900 ‚
710 2855 750 2893 &
766 2853 861 2896 Pha-

30 2909 198 2952 lantum
223 2911 278 2951 eis
304 2916 451 2951 Ducem
466 2910 758 2952 constituerunt.
789 2910 861 2952 Sed

35 2965 106 3013 hi,
119 2980 205 3007 cum
220 2965 404 3008 venissent
416 2968 459 3008 in
473 2969 642 3015 Italiam,
661 2965 860 3022 aquodam

1573 423 1717 483 Cau-

903 516 1093 559 dixerunt.
1127 519 1212 555 Hoc
1235 525 1364 553 autem
1388 509 1573 564 oppidum
1588 537 1604 558 ‚
1630 507 1714 562 post

907 577 1051 615 multos
1076 586 1201 614 annos
1228 572 1358 612 excidii
1378 567 1526 610 Iliensis
1540 596 1551 615 ‚
1578 567 1717 607 condi-

905 643 987 671 tum
1004 631 1162 685 quidam
1175 630 1319 670 dicunt.
1354 630 1433 667 Alii
1447 628 1597 670 dicunt,
1609 623 1717 679 quod

904 688 991 728 sicut
1006 688 1112 741 supra
1126 698 1404 731 memoratum,
1423 681 1628 736 nepotibus
1643 686 1719 720 La-

904 746 1228 785 cedaemoniorum
1239 742 1378 795 fugatis
1394 770 1406 788 ,
1432 739 1453 783 a
1469 741 1630 780 nomine
1646 739 1719 779 du·-

903 803 959 840 cis
970 805 1075 841 Tarae
1090 830 1102 848 ‚
1116 801 1289 841 Herculis
1302 799 1373 838 filii
1389 826 1400 844 ,
1426 803 1638 837 Tarentum
1655 796 1719 835 di-

905 858 1196 914 &quidam
1210 861 1421 895 Tarentum
1433 868 1525 894 ante
1537 857 1720 908 satyriam

904 914 1051 955 distum
1076 914 1231 955 tradunt
1246 942 1261 962 ,
1297 915 1337 953 &
1362 912 1412 951 ab
1439 913 1611 952 Herculis
1633 910 1718 950 filio

908 979 1057 1012 Tarento
1092 971 1174 1025 post
1211 980 1398 1011 Tarentum
1422 970 1581 1010 distum.
1633 969 1721 1007 Alii

906 1034 1116 1069 Herculeum
1126 1030 1353 1081 appellatum
1368 1029 1504 1067 volunt
1518 1055 1528 1072 ,
1541 1027 1629 1081 quia
1640 1030 1722 1065 He-

905 1082 1053 1126 raclida*
1065 1086 1448 1126 Lacedaemoniorum
1464 1097 1581 1138 reges.
1612 1088 1719 1123 Bene

907 1155 1000 1196 ergo
1018 1172 1029 1190 ,
1040 1145 1075 1195 fi
1087 1160 1174 1184 vera
1200 1142 1247 1197 est
1260 1146 1366 1193 fama
1381 1170 1394 1188 ,
1418 1152 1482 1181 aut
1496 1142 1584 1196 quia
1597 1145 1721 1181 Taras

907 1200 1134 1241 condiderat
1149 1230 1159 1246 ,
1184 1210 1333 1252 auxerat
1348 1198 1551 1238 Phalantus
1567 1227 1579 1244 ‚
1591 1211 1652 1239 aut
1667 1197 1718 1238 ab

909 1259 1080 1298 Herculis
1104 1257 1188 1299 filio
1212 1256 1415 1307 conditum
1428 1255 1470 1295 fit
1483 1259 1720 1303 Tarentum,

908 1313 949 1353 in
976 1328 1054 1370 quo
1080 1315 1220 1354 molles
1244 1313 1289 1354 ὅς’
1307 1312 1486 1354 luxuriosi
1499 1310 1719 1360 nascuntur,

911 1373 950 1411 &
965 1371 1040 1411 haec
1050 1369 1285 1412 consuetudo
1297 1374 1420 1411 Poetae
1432 1370 1485 1410 est
1498 1398 1511 1417 ,
1538 1383 1579 1410 ut
1591 1368 1652 1410 ubi
1671 1369 1720 1409 ‘de

908 1429 1068 1469 incertis
1091 1427 1266 1477 dubitat,
1292 1427 1439 1469 famam
1461 1426 1576 1468 faciat
1587 1428 1725 1469 austo-

908 1498 1004 1526 rem.
1034 1487 1153 1527 Idem.

965 1546 1144 1597 Tarenti]
1160 1542 1532 1589 Historiam,n0tatu
1546 1539 1723 1595 digniss-

908 1613 1034 1647 mam‚
1046 1602 1208 1641 condita:
1223 1601 1332 1649 hujus
1349 1599 1453 1640 urbis
1466 1596 1665 1638 Pausanias
1680 1598 1723 1638 in

907 1657 1096 1707 Phocicis,
1114 1657 1339 1698 Strabol.6.
1360 1661 1511 1697 Cluver.
1528 1666 1609 1696 ant.
1628 1657 1716 1695 Ital.

903 1713 975 1767 l.4.
991 1728 1020 1755 c.
1031 1729 1093 1769 13.
1111 1717 1150 1756 &
1166 1716 1289 1768 piures
1304 1715 1368 1754 alii
1379 1713 1549 1754 tradunt.
1575 1717 1694 1753 Emm.

966 1786 1055 1823 552.
1094 1772 1257 1816 Attollit
1270 1773 1350 1824 μ]
1386 1769 1489 1824 Qia
1514 1769 1724 1822 adpropina

907 1827 1114 1882 quantibus
1128 1860 1140 1877 ,
1160 1841 1222 1869 aut
1235 1830 1408 1869 recedere
1421 1839 1576 1868 montes
1588 1827 1724 1868 viden·

909 1897 969 1926 tur
983 1884 1249 1939 ‚autsurgem
1279 1888 1435 1926 Servius.
1702 1882 1705 1884 ’

963 1946 1070 1984 Diva,
1081 1947 1222 1984 Lacinia
1234 1943 1392 1995 contra]
1415 1941 1587 2000 junonis
1611 1940 1727 1981 Laci-

908 1998 978 2039 niae
991 2003 1179 2054 templum
1196 2030 1207 2048 ,
1233 1997 1439 2040 secundum
1452 1996 1636 2054 quosdam
1650 2028 1663 2046 ,
1699 1996 1725 2039 Ξ

904 2069 989 2110 rege
1001 2058 1207 2098 conditore
1219 2059 1369 2098 distum
1385 2072 1394 2095 ε
1408 2056 1612 2097 secundum
1626 2057 1726 2096 alios

907 2111 929 2153 ὲ
942 2115 1094 2155 latrone
1106 2116 1253 2156 Lacino
1266 2142 1281 2164 ‚
1313 2129 1427 2168 quem
1453 2115 1533 2154 illic
1546 2115 1729 2154 Hercules

908 2171 1070 2212 occidit:
1104 2176 1145 2212 &
1167 2174 1257 2212 loco
1281 2174 1433 2224 expiato
1447 2171 1595 2229 Junoni
1619 2183 1722 2210 tern-

907 2229 1011 2279 plum
1035 2229 1246 2269 constituit.
1291 2231 1375 2268 Alii
1400 2226 1421 2268 Ξ
1447 2228 1729 2282 promontorio

907 2285 1086 2331 Lacinio,
1100 2287 1203 2341 quod
1217 2287 1369 2342 Junoni
1381 2286 1519 2326 Thetis
1531 2285 1641 2324 dono
1654 2285 1725 2324 de·-

908 2342 1014 2380 derat
1026 2372 1038 2389 ,
1065 2343 1168 2396 quod
1178 2355 1269 2382 ante
1280 2344 1466 2382 Troicum
1481 2341 1626 2382 bellum
1639 2342 1724 2382 col-

906 2398 1027 2437 latitia
1050 2400 1208 2451 pecunia
1237 2412 1343 2452 reges
1380 2400 1586 2454 populique
1618 2398 1725 2439 fece-

907 2466 1005 2494 runt.
1069 2456 1197 2496 uidam
1212 2456 1348 2496 dicunt
1360 2457 1548 2508 ternplum
1564 2455 1636 2496 hoc
1650 2460 1727 2513 Ju-

904 2513 1020 2551 nonis
1037 2541 1048 2558 ,
1063 2511 1084 2552 Ξι
1101 2513 1264 2556 Lacinio
1277 2527 1367 2567 rege
1377 2515 1610 2566 appellatum
1625 2542 1637 2559 ,
1664 2512 1731 2555 cus.

903 2568 1017 2608 dabat
1037 2567 1253 2623 superbiam
1267 2582 1390 2610 mater
1405 2574 1557 2624 Cyrene
1572 2572 1612 2610 ὅ(
1626 2575 1726 2611 Het-

900 2625 1178 2680 culesfugatus,
1192 2640 1359 2683 namque
1370 2641 1476 2676 eum,
1487 2627 1570 2680 post
1587 2625 1723 2668 Gess'o-

905 2696 993 2723 nem
1008 2685 1223 2725 extinrstum
1239 2714 1252 2733 ‚
1267 2685 1314 2724 de
1328 2683 1504 2738 Hispanis
1529 2697 1728 2726 reverten-

904 2751 983 2779 tem
996 2770 1008 2788 ,
1026 2739 1195 2796 hospitio
1219 2742 1357 2783 dicitur
1367 2743 1535 2795 recipere
1546 2740 1729 2791 noluisse,

910 2799 949 2837 ὅ(
964 2798 1005 2838 in
1017 2799 1174 2840 titulum
1188 2798 1408 2852 repulsionis
1419 2801 1520 2849 ejus,
1529 2793 1724 2853 teinplum

908 2858 1074 2910 Junoni,
1087 2869 1269 2911 tanquam
1284 2869 1454 2897 noverca:
1470 2885 1484 2903 ,
1511 2860 1617 2907 cujus
1628 2858 1729 2899 odio

910 2915 1088 2954 Hercules
1099 2913 1312 2960 laborabat,
1323 2911 1533 2954 condidisse
1547 2928 1557 2953 :
1589 2919 1636 2955 In
1650 2915 1727 2956 hoc

907 2972 1057 3024 templo
1070 2973 1165 3011 illud
1179 2968 1471 3011 miraculifuiffe
1484 2970 1625 3011 dicitur
1638 3001 1651 3020 ,
1665 2984 1730 3021 ut,

36 3020 246 3076 ‚sepulchro
264 3053 278 3071 ‚
315 3026 376 3065 cui
399 3023 625 3079 inscriptum
662 3038 742 3066 erat
767 3035 862 3068 Tarae
911 3026 936 3066 si
951 3029 1035 3081 quis
1047 3027 1150 3068 ferro
1165 3029 1205 3068 in
1219 3029 1346 3082 tegula
1359 3029 1513 3081 templi,
1527 3027 1637 3082 ipsius
1651 3042 1730 3070 no·

33 3091 231 3128 ‚nomem
267 3080 405 3123 urbem
439 3082 640 3125 conditam
676 3090 875 3128 Tarentum.
912 3097 1007 3127 men
1032 3086 1249 3136 incideret,
1278 3085 1426 3127 tamdiu
1451 3087 1519 3129 illa
1551 3083 1734 3138 scriptura

202 3145 293 3184 Tom.
327 3145 350 3182 1
365 3145 400 3184 l.

1551 3147 1561 3173 ⁸·
1605 3155 1744 3187 mane-

1307 3142 1381 3199 (ἒς
