2037 3787
447 155 897 215 AENE1Dos

983 153 1146 212 Lm.
1180 155 1270 214 II.
1570 171 1677 233 329

20 287 124 327 120
141 259 469 339 Obstupuere
485 259 638 317 animi
655 297 672 324 ‚
703 253 999 336 gelidusque
1017 277 1106 335 per
1121 258 1223 314 ima
1240 257 1459 314 cucurrit

148 342 274 405 Offa
284 361 480 399 tremor
495 367 512 412 3
541 342 621 399 cui
635 338 732 398 fata
749 357 929 418 parent
945 377 961 405 ‚
993 360 1150 418 quem
1167 337 1340 417 poscat
1357 340 1578 419 Apollo,

133 429 244 487 >Hic
262 423 462 506 Ithacus
478 442 649 482 vatem
666 444 859 503 magno
879 423 1161 479 Calchanta
1178 423 1399 480 tumultu

140 506 395 570 Protrahit
408 508 462 564 in
477 506 677 564 medios
696 529 708 563 ι
742 527 854 585 quae
871 504 965 561 sint
983 525 1043 561 ea
1054 504 1261 562 numina
1278 502 1461 564 divt‘im

140 591 376 672 Flagitat.
420 597 475 648 &
488 588 612 647 mihi
622 591 730 666 jam
746 588 893 645 multi
908 587 1113 645 crudele
1129 586 1380 645 canebant

1533 669 1681 728 Arti-

19 752 174 799 Excusat
197 765 325 797 autem
351 754 603 796 Calchantem
618 784 630 802 ,
663 752 828 808 quifalffl
871 762 981 797 tam3
1006 757 1058 791 Tu
1083 762 1199 791 vatem
1217 780 1229 798 ,
1259 764 1296 792 tu
1311 755 1410 793 Diva
1423 768 1531 793 mone.
1567 754 1679 793 Alias

19 814 169 855 dixerit.
201 825 292 855 nam
305 812 473 852 ostendit
486 813 564 852 vim
578 809 650 850 effe
665 808 823 863 paffum.

25 881 197 910 removet
218 868 241 911 a
269 868 307 909 se
332 869 466 910 odium
483 882 492 906 :
521 870 608 923 quia
636 869 756 907 Grzcci
769 865 824 906 as-

20 924 169 967 sensere
184 927 230 968 de
243 940 290 967 eo
304 955 316 973 ‚
349 939 430 966 non
445 927 628 980 quoniam
641 922 826 970 odiffent,

22 981 89 1024 sed
114 995 155 1024 ut
177 983 243 1036 ipfi
279 985 437 1023 interitu
453 1011 463 1028 ‚
479 984 543 1037 qui
556 984 719 1022 incertus
733 991 826 1026 erat,

20 1040 289 1081 liberarentur.
319 1045 490 1079 Donatus.

86 1111 102 1138 1
111 1111 170 1137 zo.
203 1097 400 1151 Obstupuere
410 1099 530 1135 animi.
539 1095 709 1146 ]Omnes
720 1093 828 1133 enim

34 1153 277 1193 crediderunt
289 1152 324 1192 se
339 1153 458 1205 perire
470 1149 568 1205 poss'e
581 1179 593 1198 ‚
623 1161 828 1206 antequam

25 1223 122 1250 unus
133 1208 222 1250 ess'et
233 1210 410 1249 delestus.
445 1212 602 1248 Serviu52
749 1256 753 1260 ἢ

83 1267 290 1321 Gelidufilue
310 1280 371 1320 per
393 1269 466 1305 ima
486 1266 635 1304 cucurrit
660 1264 738 1316 0ffi¹
757 1274 826 1303 tre-

26 1324 134 1374 mor.]
165 1328 225 1362 De
239 1321 370 1362 sudore
385 1321 531 1375 Sappho
546 1320 828 1372 Smstaegffx-

29 1394 88 1418 κεν
102 1409 114 1426 ,
134 1379 241 1421 ,ἀίΧίϊ
254 1407 265 1424 ,
279 1382 440 1426 cucurrit,
454 1390 519 1417 aut
537 1378 825 1430 currenclofitbiit.

33 1439 74 1476 ὃ(
101 1435 148 1473 de
173 1437 329 1475 horrore
354 1436 622 1475 Nazianzenus
645 1447 742 1473 orat.
766 1448 781 1474 1
795 1448 808 1474 ῐ
820 1464 829 1474 .

25 1491 79 1543 μὴ
94 1491 200 1545 φρίκη
221 1508 272 1532 τις
288 1494 490 1545 Χπυτξέχᾴ.
533 1497 761 1531 Tremorem
790 1491 832 1530 in

31 1559 138 1588 metu
151 1550 318 1589 maximo
332 1549 444 1588 ovid.
463 1548 510 1588 de
524 1549 717 1588 Lucretia:

87 1605 158 1645 Sed
179 1609 298 1646 tremit
314 1636 325 1651 ,
350 1618 388 1644 ut
410 1606 580 1659 quondam
596 1605 748 1659 stabulis
771 1603 836 1644 de-

208 1666 331 1717 prens.)
343 1663 472 1702 reliffie

116 1720 310 1772 Psrrvafiab
320 1718 434 1774 infesto
449 1735 523 1759 cum
531 1722 629 1772 jacet
639 1732 729 1774 agna
737 1720 829 1771 lupo.

42 1773 186 1817 cerda.
718 1811 720 1814 .

11 1857 17 1863 -
93 1843 182 1872 121.
212 1834 278 1873 Cui
281 1834 366 1882 fata
374 1831 610 1885 parent.]Cui
627 1840 834 1883 praeparent

36 1898 219 1927 mortem.
253 1892 408 1927 Servius.

91 1947 223 1997 Fam]
251 1946 294 1984 m
317 1944 369 1983 est
383 1972 393 1988 ‚
421 1939 607 1996 responsa.
651 1948 745 1982 Sunt
773 1940 837 1997 qui

34 1997 89 2041 ita
102 2001 274 2041 dividant
286 2031 297 2048 ,
314 2005 451 2052 cuifata
463 2013 588 2054 parent
601 2004 836 2054 vinnmquem

29 2059 144 2112 poscat
156 2058 291 2113 ,Apollo
304 2086 316 2104 ,
340 2069 381 2098 ut
396 2059 592 2096 moriatur.
626 2057 737 2096 Idem.

90 2117 244 2165 Cuifata
257 2127 389 2167 parent.
399 2116 658 2166 ]Parare‚cum
670 2113 840 2153 dativum

43 2168 160 2210 habet
174 2198 185 2217 ‚
201 2171 318 2210 eriam
332 2185 497 2226 apparare
513 2199 524 2216 ‚
540 2171 689 2210 cladem
705 2173 742 2211 &
757 2183 842 2224 per-

873 807 1106 848 sacerdotem
1121 823 1130 847 2
1158 820 1198 848 ut
1211 836 1226 856 ‚
1241 814 1284 849 Et
1295 824 1403 851 aurea
1416 814 1499 849 vati
1512 810 1679 865 Casstda.

874 865 996 904 Idem.

931 928 1065 976 Magno
1086 922 1271 974 tumulum]
1301 920 1364 961 Ad
1387 920 1602 963 fastionem
1619 935 1679 963 te-

872 977 1051 1032 gendam.
1086 977 1195 1017 Idem.

934 1047 950 1073 1
960 1046 1020 1085 23.
1052 1033 1381 1090 Protrahit.]Qiafi
1395 1036 1606 1076 nolentem.
1619 1036 1679 1077 ld.

934 1091 1113 1130 Protrahit
1139 1094 1176 1131 in
1188 1092 1358 1144 medion]
1387 1097 1536 1132 Lucret.
1551 1093 1620 1133 lib.
1641 1108 1677 1146 ς.

873 1144 936 1186 ubi
952 1146 1118 1201 loquitur
1135 1148 1179 1187 de
1194 1147 1323 1195 rebus,
1335 1162 1415 1204 quae
1431 1147 1512 1188 usus
1525 1151 1682 1202 reperit,

903 1206 959 1243 sic
987 1219 1092 1245 unum
1106 1206 1251 1260 quidvis
1260 1210 1434 1261 paulatim
1442 1208 1619 1261 protrahit
1633 1224 1682 1248 ιε-

1013 1273 1075 1302 tas

907 1322 954 1356 In
966 1317 1118 1373 medium
1134 1345 1149 1366 ,
1162 1320 1252 1358 ratio
1267 1347 1277 1363 ,
1292 1335 1367 1372 quae
1379 1320 1416 1358 in
1430 1321 1574 1360 luminis
1588 1323 1686 1361 eruit
1730 1324 1739 1329 ”

1017 1390 1106 1414 oras.
1253 1375 1393 1415 Cerda.

890 1464 892 1466 .
931 1434 1088 1471 Numina
1101 1431 1263 1484 divam]
1294 1438 1365 1473 Pro
1378 1433 1537 1472 oraculis
1549 1431 1689 1485 posuit:

883 1519 888 1522 .
905 1486 927 1524 d
953 1486 1005 1526 est
1021 1516 1032 1534 ‚
1060 1500 1101 1528 ut
1122 1488 1417 1541 ambiguitatem
1442 1492 1684 1531 oraculorum

878 1544 1157 1596 interpretetur.
1175 1546 1364 1602 Qiaeritur
1378 1548 1487 1585 enim
1501 1561 1581 1586 non
1595 1548 1686 1602 quid

879 1600 1010 1640 dicant
1024 1629 1037 1648 ‚
1064 1616 1155 1642 nam
1167 1605 1324 1655 planum
1340 1632 1352 1651 ,
1370 1601 1431 1644 fed
1442 1603 1532 1659 quid
1547 1605 1685 1645 debeat

883 1658 1095 1699 immolati.
1126 1663 1287 1707 Sersaius.

941 1727 1029 1767 124.
1072 1719 1243 1772 Flagitat.
1261 1717 1278 1768 ]
1319 1713 1514 1755 Invidiofe
1538 1716 1657 1770 poscit
1674 1737 1685 1767 3

883 1772 983 1810 unde
1010 1774 1048 1812 ὅ(
1073 1768 1175 1827 quod
1188 1773 1427 1827 flagitatione
1440 1773 1603 1828 dignum
1616 1776 1684 1824 est,

876 1828 1055 1883 flagitium
1069 1830 1218 1870 dicitur.
1251 1831 1362 1870 [dem.

938 1889 1135 1941 flagitata}
1170 1890 1261 1928 Non
1285 1886 1417 1927 frustra
1442 1885 1514 1927 hoc
1528 1887 1687 1929 verbum

883 1941 996 1994 vryffi
1021 1944 1152 1984 datum
1167 1973 1178 1991 ,
1217 1957 1331 1999 quem
1355 1942 1688 1998 flagitiofiffimum

882 1999 1004 2040 Sinon
1018 2001 1179 2041 inducit.
1205 2005 1304 2056 Ergo
1318 2014 1400 2042 non
1414 1999 1547 2054 poscit,
1564 2014 1692 2057 rogat,

883 2057 997 2106 petit,
1009 2054 1070 2097 sed
1083 2058 1244 2111 flagitat:
1255 2059 1359 2113 quod
1371 2060 1467 2098 olim
1481 2058 1688 2101 infamium

883 2110 981 2160 fuit,
1010 2116 1239 2171 monuitque
1262 2116 1359 2156 scal.
1382 2116 1423 2156 in
1450 2115 1545 2156 Fest.
1571 2121 1690 2158 Cato:

882 2172 1109 2212 intercutibus
1124 2173 1259 2227 stupris
1271 2174 1460 2228 flagitatus
1474 2202 1487 2221 ,
1524 2173 1597 2213 hoc
1619 2174 1688 2223 est,
1731 2199 1735 2204 ,

42 2226 187 2266 niciem
200 2226 394 2281 fignificat.
428 2228 521 2269 Vide
535 2232 679 2267 Donat.
697 2231 746 2266 A.
760 2239 841 2273 4-1·
886 2226 1079 2268 intestinis
1101 2230 1246 2282 probris
1258 2229 1466 2270 infamatus
1482 2258 1498 2280 ,
1521 2231 1614 2271 inde
1620 2232 1695 2289 fla·

39 2294 61 2335 3
73 2284 325 2337 2.&4.2.7.&
340 2288 542 2323 Maronem
557 2283 725 2323 nostrum
741 2282 839 2323 infra
880 2287 1008 2337 gitium
1021 2313 1036 2333 ‚
1058 2299 1124 2338 pro
1137 2287 1310 2326 infamia.
1341 2288 1459 2327 Plaut.
1474 2292 1601 2341 majore
1613 2305 1690 2329 cnm

43 2336 106 2388 ybs
117 2352 204 2390 132.
231 2362 332 2371 ——-
358 2340 445 2380 mihi
448 2345 550 2392 sacra
556 2343 689 2395 parari.
715 2344 843 2380 Emm.
879 2340 1020 2397 fhzgitio
1031 2343 1156 2382 reddes
1165 2344 1276 2397 postea
1291 2371 1305 2390 ,
1333 2343 1404 2381 hoc
1416 2342 1469 2383 est
1482 2371 1498 2392 ‚
1511 2344 1687 2386 infamia.

93 2397 243 2450 Posiat]
276 2396 387 2437 Adeo
411 2393 501 2451 saepe
525 2396 595 2435 hoc
609 2396 766 2437 verbum
780 2397 844 2436 dat
893 2400 939 2435 Et
961 2397 1215 2439 foeneratores
1239 2400 1555 2456 distiflagitatores
1573 2431 1582 2446 ,
1606 2405 1695 2457 quia

43 2455 157 2493 Maro
187 2452 422 2493 Numinibus
437 2482 448 2499 ‚
476 2466 518 2493 ac
528 2452 614 2493 fatis
630 2482 644 2502 ‚
669 2465 710 2493 ut
722 2455 845 2493 existi-

45 2521 151 2549 mare
163 2508 344 2562 poffimus
357 2539 369 2556 ,
400 2511 496 2551 illud
518 2510 697 2563 praecipue
709 2508 847 2550 affirm-

42 2576 151 2619 ptum
164 2566 186 2608 a
204 2567 288 2607 Diis
303 2595 316 2615 ,
331 2578 441 2621 atque
454 2580 501 2607 eo
514 2566 647 2607 solitos
659 2564 759 2620 ipsos
771 2567 845 2606 im-

43 2635 189 2680 perare.
218 2637 255 2674 4.
271 2624 451 2676 &sifata
463 2625 737 2679 Jovisposcunt.
756 2640 786 2678 ς.

96 2687 181 2722 Haec
193 2681 347 2734 responsu
359 2682 469 2721 dabat
483 2709 494 2727 ,
508 2685 566 2720 vel
578 2680 844 2736 quae'pertcnde-

212 2749 266 2776 ret
277 2755 334 2777 tra

102 2796 236 2849 Magna
253 2794 366 2833 De12m
379 2824 392 2842 ,
418 2797 478 2834 vel
488 2798 726 2850 quaefatorum
733 2797 848 2850 poste-

210 2864 265 2890 rel'
277 2869 304 2889 01
313 2851 366 2890 dv·

889 2452 1052 2495 infames
1077 2457 1184 2496 olim.
1213 2457 1309 2497 Inde
1311 2457 1478 2512 flagitare
1490 2458 1522 2497 is
1533 2458 1696 2508 dicetur,

888 2512 951 2565 qui
964 2523 1139 2564 proterve
1150 2515 1261 2566 petit,
1274 2513 1542 2567 indignanter,
1559 2518 1598 2555 &
1613 2520 1697 2557 vel-

890 2568 946 2606 uti
959 2581 1043 2609 cum
1059 2571 1250 2610 convitio:
1267 2571 1369 2626 quod
1378 2569 1501 2611 feciss'e
1515 2571 1576 2612 hic
1588 2573 1697 2628 Vlys-

891 2622 971 2663 sem
995 2625 1104 2665 facile
1129 2625 1324 2682 quisquam
1348 2625 1548 2681 suspicetur
1560 2659 1576 2681 ‚
1601 2645 1693 2672 nam

895 2694 1019 2721 vatem
1035 2713 1046 2730 ‚
1075 2685 1114 2723 ὅ(
1139 2697 1226 2724 cum
1253 2687 1448 2732 tumultu,
1471 2687 1694 2730 &invitum

892 2738 1020 2786 trahit,
1034 2753 1111 2794 quae
1125 2754 1203 2781 non
1219 2740 1360 2782 abeunt
1371 2740 1393 2783 a
1405 2743 1700 2786 convit‘10.Hinc

893 2808 966 2848 ego
989 2797 1135 2849 explico
1149 2796 1336 2839 Caesarem
1361 2813 1397 2840 1.
1413 2801 1499 2840 Gal.
1527 2806 1642 2857 Caefhr
1654 2808 1700 2844 ab

896 2853 1035 2894 Heduis
1052 2857 1267 2908 frumentum
1281 2884 1297 2905 ,
1319 2856 1409 2910 quod
1419 2859 1529 2910 effint
1536 2860 1702 2913 polliciti,

72 2904 113 2946 8.
129 2911 246 2962 ,Qtem
259 2910 416 2948 Numina
424 2910 572 2961 ρπβ-κω.
591 2919 606 2945 ῐ
617 2921 652 2948 1.
666 2908 849 2965 SaevaJo-
886 2910 1046 2965 flagitat.
1077 2911 1142 2951 ubi
1157 2913 1235 2952 vim
1251 2941 1266 2961 ,
1294 2915 1333 2953 &
1348 2915 1563 2956 convitium
1579 2917 1619 2956 in
1634 2931 1703 2971 pe-

47 2963 107 3000 vis
111 2963 163 3012 fic
173 2967 328 3004 Numina
346 2967 501 3019 poſsunt.
531 2969 623 3005 Hor.
650 2971 711 3005 Seu
729 2971 849 3021 poscat
895 2967 1015 3006 tendo
1038 2969 1174 3021 capi03
1200 2968 1290 3008 hinc
1300 2981 1342 3010 tu
1357 2970 1467 3010 alios.
1499 2977 1545 3012 Et
1561 2978 1702 3014 Gram-

41 3018 219 3071 agna‚de
232 3023 372 3061 Fauno.
403 3023 530 3062 cerda.

96 3087 182 3116 122.
215 3078 320 3128 Hic.]
348 3080 524 3118 Protunc.
555 3077 714 3118 Servius,

897 3025 1028 3064 matici
1050 3026 1228 3079 quidem,
1253 3027 1295 3066 in
1321 3026 1379 3065 his
1394 3031 1572 3070 Donatus
1589 3060 1600 3077 ‚
1626 3030 1702 3071 dis·

896 3081 1104 3122 criminant
1115 3084 1216 3122 inter
1227 3081 1339 3124 verba
1348 3086 1440 3138 poseo
1454 3115 1466 3133 ,
1477 3099 1557 3140 peto
1569 3117 1579 3133 ‚
1593 3089 1703 3143 postu-

99 3135 263 3185 Vaeem]
288 3137 397 3175 Nunc
419 3134 593 3176 divinum
609 3163 625 3183 ‚
650 3135 742 3175 alias
755 3136 846 3188 poe-
899 3140 952 3185 lo,
969 3139 1108 3197 flagito.
1139 3142 1237 3180 Nam
1253 3143 1420 3197 poscimus
1435 3170 1448 3192 ,
1471 3156 1558 3185 cum
1582 3146 1708 3198 impe-

1314 3202 1345 3237 X
1383 3213 1399 3250 5
1634 3205 1707 3248 rio5
