2037 3787
312 137 453 218 '2442v
788 139 876 194 vP.
947 137 1007 195 V
1044 150 1068 191 1
1104 130 1144 192 1(

1967 0 2037 84 4

2035 97 2037 174 ⁴

1187 130 1479 191 0121'1

451 234 619 297 Alma
634 237 820 297 'Venus
838 234 1052 318 Phrygii
1065 235 1243 320 genuit
1257 232 1540 292 Simoentis
1555 233 1619 292 ad
1636 231 1864 313 undam?

454 325 635 401 Atque
652 317 896 399 equidem
914 323 1187 378 Teucrum
1203 319 1419 378 memini
1436 317 1628 375 Sidona
1642 319 1817 379 venire
1834 356 1853 384 ‚

322 501 459 556 pluria,
471 500 644 554 ,Anchiste
658 497 840 555 scriptum
853 498 1000 543 habent
1009 503 1138 559 acqui-

326 556 437 600 fitivo
450 554 544 597 casu.
580 561 675 597 Pier.

382 615 594 669 Anchisam]
621 619 752 657 AEneae
763 624 870 655 ortus
882 609 905 655 Ξ
919 619 1086 664 Venere,
1100 617 1141 656 &

298 683 301 690 ‘
327 668 500 710 Anchisa
512 698 528 720 ,
556 672 689 710 notior
705 700 718 718 ,
743 684 858 726 quam
870 683 912 712 ut
925 671 987 711 hic
999 671 1138 713 debeat

326 726 476 771 firmari
489 755 506 776 ‚
530 740 574 767 ex
592 727 709 768 Ovid.
736 728 780 768 in
794 728 889 768 Fast.
905 742 949 769 ex
963 733 1139 769 Homero

325 780 420 838 saepe
433 812 447 832 ,
477 797 523 824 ex
538 786 670 826 Ennio
682 812 695 832 ,
730 799 766 827 1.
779 787 926 827 Annal.
942 799 987 827 ex
1004 785 1138 827 infini-

325 841 391 882 εἰς.
417 841 549 883 Cerda.

381 898 477 941 618.
511 899 638 940 Genuit
664 900 857 940 Simoentis
881 898 929 939 ad
965 898 1134 952 undam]

322 954 447 1009 Ripas
469 957 609 996 multas
630 955 836 996 fluviorum
862 968 969 997 ortus
993 957 1140 997 heroici

324 1024 411 1052 non
436 1013 543 1067 pauci
567 1011 734 1067 infignes
754 1012 953 1063 fecerunt3
979 1012 1071 1054 ficut
1097 1016 1137 1054 &

321 1071 488 1110 Homeri
515 1070 662 1110 natales
686 1071 842 1109 Meletis
856 1070 979 1123 ripam
995 1099 1011 1121 ,
1037 1071 1139 1112 unde

322 1125 579 1181 Melefigenes
591 1129 711 1167 Poeta
728 1126 852 1167 dietus
873 1126 951 1168 fuir
963 1157 976 1175 ,
1003 1141 1140 1182 quem-

324 1183 538 1224 admodum
565 1188 736 1224 Heroum
760 1185 977 1224 multorum
996 1186 1140 1226 incerta

324 1242 439 1294 origo
461 1241 508 1281 ad
521 1243 697 1282 austeres
709 1240 848 1282 fluvios
861 1240 993 1295 paffim
1012 1239 1035 1282 a
1046 1245 1140 1283 Poe*-

323 1298 376 1338 tis
392 1300 431 1338 &
447 1297 762 1352 historiographis
772 1299 890 1338 relata
904 1299 969 1339 est.
1018 1303 1145 1356 Gigne-

323 1371 363 1397 re
375 1367 505 1396 aurem
517 1356 671 1409 proprie
684 1356 802 1408 patris
816 1383 828 1402 ‚
853 1366 897 1396 ut
907 1369 1036 1410 parere
1060 1370 1144 1396 ma-

326 1412 409 1452 tris.
440 1424 482 1453 ut
507 1423 640 1452 tamen
667 1410 775 1465 3811qu
802 1414 843 1452 &
858 1410 988 1453 v'n'lav
1003 1415 1146 1454 Graecis

325 1468 644 1516 confimdunturs
668 1470 724 1509 ita
738 1471 778 1509 ὃς
793 1470 947 1510 Latinis
963 1498 975 1517 ,
1001 1482 1089 1510 cum
1103 1484 1145 1511 u-

326 1527 453 1581 trique
465 1538 641 1579 parentes
658 1525 774 1569 mele
789 1528 829 1567 ὃς
845 1527 955 1582 φονεῖς
968 1527 1144 1569 dicantur

327 1582 556 1639 promiscue.
590 1591 752 1625 German.

386 1644 517 1682 Genuit
528 1644 718 1682 Simoentis
730 1640 777 1682 ad
790 1641 965 1694 undam]
1007 1641 1149 1682 Simois

326 1695 381 1738 ab
398 1699 500 1739 Idaeo
512 1711 652 1739 monte
663 1698 900 1746 demittitur,
913 1698 1016 1738 fama
1029 1712 1145 1754 quam

326 1767 463 1796 natura
477 1757 598 1805 maius
613 1752 826 1804 flumen‚de
841 1769 918 1811 quo
944 1757 1048 1796 Mela
1071 1757 1145 1797 l.1.

325 1824 358 1852 c.
369 1813 602 1854 18.AEneam
614 1813 739 1853 filium
753 1811 824 1854 esse
840 1811 1010 1854 Anchisae
1024 1815 1063 1853 ὅ(
1073 1819 1147 1854 Ve-

326 1870 432 1910 neris
448 1871 586 1911 annuit
600 1868 1019 1925 Hefiod.inTheog.)&s.
1029 1873 1147 1913 1008.

327 1924 394 1968 std
418 1926 498 1979 Hm
512 1925 546 1968 ἐν
559 1928 729 1981 ›topazio-1
743 1956 755 1975 ‚
773 1928 925 1968 enixam
939 1934 1142 1970 Venerem.

332 1988 398 2024 De
411 1985 487 2032 iis,
512 1985 578 2036 qui
601 1998 645 2025 ex
667 1985 742 2025 diis
753 1985 933 2038 concepti
945 1982 1032 2025 sunt
1048 2013 1060 2032 ,
1086 1986 1146 2026 vel

331 2039 550 2093 provenisse
562 2041 737 2083 dicuntur
750 2042 795 2083 ad
811 2043 909 2095 ripas
921 2041 1145 2088 fluminum,

326 2100 534 2148 Poetarum
572 2098 795 2139 testimonia
830 2106 946 2155 q'uam
983 2100 1147 2152 plurima

331 2155 422 2197 sunt
436 2185 451 2204 ‚
483 2166 526 2197 ut
547 2154 697 2197 facilior
721 2154 812 2198 eflet
837 2155 1002 2198 ablutio.
1045 2162 1137 2198 Stat.

322 2212 522 2255 Thebaid.
533 2212 600 2253 lib.
613 2228 628 2255 r
638 2242 648 2253 .

322 2297 325 2300 -
386 2277 552 2327 Namque
577 2283 617 2310 ut
642 2273 744 2326 paffiz
768 2276 887 2312 Deum
909 2271 1065 2313 Nemeaei
1096 2270 1144 2312 ad

515 2327 686 2381 fluminis
694 2328 829 2369 undam
845 2356 862 2377 ,

390 2388 454 2427 Bis
476 2388 600 2441 quinos
617 2389 809 2441 plenarum
828 2388 947 2441 fronte
959 2387 1145 2439 refirmeret

500 2443 595 2483 orbes
608 2471 621 2489 ,

398 2500 558 2556 Cynthia
572 2527 588 2549 ‚
603 2499 782 2552 sidereum
804 2505 939 2541 Latonae
951 2502 1034 2552 fi’ta
1045 2526 1064 2549 ,
1084 2515 1149 2542 ne-

323 2595 326 2598 ,
498 2568 614 2611 potem

388 2613 529 2655 Edidit.

322 2669 396 2711 ⁴Sic
417 2675 609 2712 Homerus
623 2669 669 2712 ad
680 2669 832 2712 Melefis
843 2670 1017 2712 fluminis
1028 2671 1150 2725 ripas,

335 2738 380 2768 ut
403 2729 525 2770 valer.
551 2727 618 2769 lib.
634 2729 672 2770 6.
689 2731 908 2783 Argonaut.
922 2728 1048 2770 editus
1070 2728 1148 2770 fer-

318 2794 395 2826 ztur
408 2798 420 2823 ἔ

372 2882 375 2883 ⁷
391 2862 469 2874 -—-
481 2842 652 2896 Scythicis
668 2858 770 2897 quem
782 2843 962 2898 Juppiter
972 2841 1043 2883 oris

380 2904 585 2956 Progenuit,
599 2900 752 2941 viridem
767 2906 951 2947 Mamm,
965 2902 1149 2955 Tibisena-

532 2973 598 3014 que
605 2961 718 3010 juxta
872 2965 876 2969 ”

395 3013 506 3067 ostia.
612 3010 848 3054 Emmeneff
1134 3038 1139 3042 -

392 3071 486 3125 619.
519 3073 655 3124 Atque
665 3070 1037 3127 equidem.]Exp0nit
1055 3082 1150 3127 quo-

312 3160 316 3162 -
332 3128 456 3172 modo
468 3128 545 3172 haec
555 3127 694 3172 scierit.
722 3134 900 3175 Donatm.

1912 397 1924 411 0
1965 399 1979 413 C

1868 402 2008 458 Fini-a
2032 443 2037 447 -

1252 505 1420 542 Teucrum
1432 501 1563 542 Sidona
1573 500 1732 552 venire]
1747 498 1920 555 Qidam
1931 496 2006 540 me<¹

1195 557 1284 596 mim'
1306 560 1429 598 venire
1443 587 1456 605 ,
1494 571 1564 611 pro
1589 560 1731 598 memini
1754 559 1887 610 veniffie
1909 556 2010 597 acci-

1191 612 1315 664 piunt.
1345 614 1514 654 Historia
1527 627 1660 654 tamen
1674 614 1748 653 hoc
1762 613 1892 661 habet,
1905 618 2005 653 Her-

1190 669 1316 709 culern
1327 683 1415 711 cum
1428 672 1600 712 Colchos
1611 673 1687 711 iret
1698 699 1711 718 ‚
1725 669 1877 724 perdito
1888 671 2003 723 Hyla,
2028 705 2029 710 ,

1189 726 1253 778 qui
1279 739 1462 782 aquatum
1487 728 1680 781 profectus
1697 757 1709 775 ,
1734 739 1776 767 ut
1805 721 2006 768 fabulalo-

1189 784 1316 836 quitur
1331 811 1345 831 ,
1371 781 1393 824 a
1420 785 1611 838 Nymphis
1624 785 1846 832 adamatus,
1876 795 2005 836 raptus
2029 815 2030 818 η

1188 839 1269 888 est3
1294 851 1335 880 ut
1359 842 1500 883 veritas
1522 842 1638 882 habet
1655 869 1670 890 ‚
1700 838 1822 894 lapsus
1849 842 1893 881 in
1903 840 2001 882 fon*

1189 908 1270 936 tem
1289 896 1517 938 altiffimum
1532 910 1687 939 necatus
1701 926 1714 945 ,
1745 899 1786 937 ὃ(
1799 897 1880 951 post
1892 910 2004 951 peta-

1188 965 1337 1006 gratam
1362 954 1522 1008 Mysiam
1535 983 1547 1002 ,
1580 955 1743 996 navibus
1760 955 1923 1005 Troiam
1939 969 2006 996 ve-

1191 1010 1264 1050 nit.
1297 1016 1333 1051 A
1347 1014 1453 1062 cujus
1463 1024 1581 1066 portu
1595 1040 1609 1061 ,
1633 1025 1721 1053 cum
1735 1024 1824 1051 eum
1837 1016 2005 1052 Laome-

1189 1066 1267 1108 don
1281 1081 1449 1116 arceret,
1479 1068 1622 1110 occisus
1647 1068 1727 1108 est:
1751 1070 1792 1109 ὃς
1817 1070 1898 1118 ejus
1920 1068 2034 1110 filia-2

1189 1123 1380 1173 Hesiona,
1407 1126 1504 1167 belli
1543 1128 1626 1178 jure
1663 1123 1833 1172 sublata,
1862 1126 2005 1167 comiti
2032 1151 2033 1155 =

1191 1183 1402 1224 Telamoni
1425 1182 1568 1224 tradita
1591 1182 1668 1224 est:
1695 1183 1759 1238 qui
1788 1183 1935 1235 primus
1959 1196 2003 1223 a·

1189 1236 1384 1280 scenderat
1409 1254 1586 1289 murum,
1616 1239 1719 1280 unde
1731 1242 1878 1279 Teucer
1892 1250 2007 1281 natus
2021 1260 2035 1286 ,ι

1190 1294 1254 1336 est.
1291 1300 1391 1337 Nam
1407 1299 1567 1350 Ajacem
1583 1325 1597 1345 ,
1623 1310 1667 1337 ex
1679 1298 1754 1336 alia
1766 1295 1914 1336 constat
1929 1295 2003 1337 esse

1191 1365 1443 1406 procreatum.
1476 1358 1588 1395 Tunc
1599 1354 1792 1399 Hercules,
1808 1354 2004 1395 Priamum

1191 1423 1342 1464 quoque
1367 1411 1611 1464 redemptum
1623 1408 1646 1450 Ξ
1661 1411 1797 1452 vicinis
1811 1409 2001 1459 hostibus,

1191 1467 1234 1505 in
1260 1479 1422 1520 paterno
1445 1481 1566 1521 regno
1590 1469 1744 1508 locavit.
1801 1467 1919 1508 Unde
1957 1469 2003 1509 δε

1190 1524 1360 1564 Priamus
1373 1525 1495 1566 didius
1507 1524 1574 1571 est,
1586 1523 1659 1564 >1775
1674 1524 1706 1565 ‘3⁵1⁵
1721 1522 2000 1576 πθέαμαρψνηο.

1249 1584 1440 1623 Caeterum
1453 1595 1534 1638 quae
1547 1582 1594 1621 de
1602 1580 1764 1621 liberata
1777 1581 1911 1622 dicunt
1922 1585 2002 1621 He-

1189 1634 1298 1678 fiona
1312 1667 1329 1687 ‚
1351 1639 1501 1679 constat
1514 1636 1585 1679 effe
1595 1637 1778 1679 fabulosa.
1812 1637 1884 1678 Sed
1898 1641 2005 1679 Teu-

1190 1706 1251 1734 cer
1267 1722 1282 1743 ,
1306 1709 1421 1744 cum,
1453 1698 1574 1746 Troia
1599 1693 1725 1736 eversa
1744 1723 1760 1744 ,
1787 1692 1865 1734 fine
1887 1693 2005 1736 fratre

1191 1748 1284 1792 esser
1307 1751 1502 1801 reversus,
1534 1751 1647 1808 quise
1657 1752 1786 1794 furore
1801 1780 1814 1800 ,
1843 1763 2002 1805 propter

1190 1810 1336 1862 perdita
1360 1811 1527 1851 Achillis
1549 1823 1653 1850 arma
1678 1838 1692 1857 ,
1732 1810 2003 1859 interemerat3

1193 1868 1251 1908 vel
1267 1894 1283 1915 ,
1309 1879 1350 1908 ut
1378 1869 1474 1918 alii,
1503 1868 1593 1924 quia
1607 1881 1690 1908 non
1702 1865 1927 1907 defenderat
1939 1871 2003 1906 A-

1194 1923 1285 1972 iacis
1308 1924 1437 1965 fratris
1459 1926 1667 1966 interitum
1683 1954 1694 1972 ,
1727 1924 1787 1965 vel
1812 1924 1900 1978 quia
1923 1920 2002 1964 offa

1188 1978 1315 2021 fratris
1331 1996 1412 2023 non
1421 1979 1604 2024 retulisset
1616 2011 1629 2030 ‚
1642 1994 1685 2022 ut
1699 1981 1877 2021 nonnulli
1883 1978 2004 2036 ,quod

1193 2037 1460 2080 Theomiffam
1495 2039 1753 2080 concubinam
1767 2065 1783 2087 ,
1819 2039 1881 2078 vel
1919 2039 2003 2089 ejus

1190 2093 1317 2136 fratris
1337 2096 1463 2138 filium
1486 2095 1693 2137 Turisacen
1718 2092 1741 2135 a
1764 2107 1878 2135 coena
1903 2097 1926 2122 *
1953 2093 2003 2135 ad

1189 2164 1303 2193 avum
1329 2155 1544 2194 Telamona
1567 2154 1616 2194 de
1638 2155 1759 2205 Troja
1781 2151 1907 2193 secum
1922 2162 2015 2192 non·

1191 2209 1408 2258 reduxerit,
1440 2213 1528 2266 quia
1551 2211 1620 2251 ille
1641 2210 1717 2250 alia
1739 2210 1829 2250 navi
1853 2210 2003 2255 vestm,

1190 2264 1338 2309 felicius
1351 2270 1596 2322 navigaverat
1609 2296 1621 2316 ‚
1639 2269 1835 2309 Salamina
1844 2264 1967 2320 pulsus
1979 2261 2005 2306 ὲ

1190 2336 1296 2376 patre
1311 2354 1322 2372 ‚
1350 2325 1536 2365 sidonam
1558 2326 1667 2366 ven-it
1686 2338 1696 2362 :
1719 2337 1763 2365 ex
1787 2337 1864 2380 quo
1893 2322 2007 2364 Dido

1191 2382 1328 2423 cundia
1339 2383 1537 2437 cognovit.
1572 2384 1727 2423 servitu.
2031 2432 2035 2436 .

1253 2445 1387 2495 Atque
1400 2440 1561 2496 equidem
1575 2447 1742 2482 Teucrum
1755 2465 1770 2485 ,
1784 2435 1890 2488 ἔφη]
1908 2440 2007 2476 1²1ae-

1192 2497 1419 2550 occupatio,
1451 2497 1651 2551 quomodo
1677 2496 1747 2535 illa
1770 2493 1861 2534 sciat
1883 2506 2006 2547 genus

1195 2558 1334 2594 AEneae.
1381 2560 1441 2594 De
1465 2555 1604 2593 Teucri
1629 2563 1759 2592 autem
1784 2551 1929 2599 exilio,
1959 2552 2002 2591 &

1192 2623 1257 2651 cur
1285 2612 1478 2652 Salamine
1492 2609 1585 2651 urbe
1597 2612 1637 2650 ὃ(
1649 2607 1772 2650 insula
1785 2606 1909 2661 pulsus
1920 2607 1964 2649 fit
1974 2604 1999 2649 Ξ

1191 2678 1321 2720 patre,
1350 2669 1390 2708 ὃς
1415 2668 1615 2722 quomodo
1625 2668 1723 2706 item
1738 2666 1921 2706 Sidonem
1935 2677 2000 2706 ve-

1191 2725 1294 2764 nerit
1305 2754 1318 2773 ,
1350 2726 1391 2764 &
1404 2725 1483 2764 Beli
1497 2723 1663 2764 minoris
1677 2752 1693 2773 ,
1723 2724 1787 2778 qui
1802 2734 1906 2775 pater
1918 2732 2000 2763 erat

1193 2780 1381 2831 Didonis,
1409 2782 1553 2822 auxilio
1565 2782 1700 2822 urbem
1715 2781 1841 2833 patriae
1853 2792 1999 2834 cogno-

1191 2839 1343 2879 minem
1368 2840 1410 2879 in
1437 2843 1569 2893 Cypro
1591 2838 1809 2879 condiderit
1835 2868 1848 2884 ‚
1879 2838 2002 2890 deque

1193 2897 1279 2937 aliis
1292 2897 1404 2937 multi
1417 2898 1538 2936 multa
1554 2895 1687 2949 paffim
1700 2893 1904 2936 tradidere.
1917 2898 2011 2933 Ho-'

1195 2966 1266 2993 rat.
1284 2968 1318 2995 1.
1344 2954 1420 2994 od.
1435 2967 1474 3003 7.
1511 2955 1654 2994 Cicero
1665 2952 1730 2993 lib.
1754 2967 1788 2993 1.
1809 2953 1849 2993 ὅ(
1864 2965 1902 2993 2.
1935 2956 1997 3008 De

1197 3015 1307 3050 Orat.
1321 3013 1496 3053 Ladiant.
1512 3011 1585 3051 lib.
1605 3026 1638 3051 1.
1651 3024 1687 3050 c.
1705 3024 1766 3051 21.
1800 3007 2000 3062 Euripides

1193 3068 1240 3108 de
1254 3067 1412 3110 Helena.
1445 3067 1662 3109 Plutarchus
1676 3096 1691 3116 ,
1715 3067 1890 3120 Hyginus
1903 3094 1915 3111 ‚
1931 3070 2000 3105 So-

1193 3125 1353 3181 phocles
1365 3127 1410 3168 in
1428 3128 1559 3181 AJace.
1592 3126 1730 3182 Dictys
1744 3121 1998 3187 exerentia&

1921 3190 2006 3236 quis
