2037 3787
487 106 547 166 AE
581 126 621 162 N
657 124 820 164 EID
859 123 896 160 0
934 122 957 162 s
1042 107 1206 166 L1n.
1249 106 1301 168 I.

193 206 441 288 Hospitio
452 208 515 264 T
519 205 686 264 euc'ris
702 229 716 264 t
759 225 826 262 ne
843 200 932 261 fati
946 200 1114 261 nescia
1124 203 1286 277 Dido·

70 315 177 374 300
190 291 397 360 Finibus
414 305 628 350 arceret.
673 289 815 350 volat
829 288 918 345 ille
937 308 1029 366 per
1045 296 1161 346 aera
1176 307 1425 368 magnum

197 374 448 454 Remigio
464 373 655 430 alarum
677 397 689 430 :
734 393 791 429 ac
810 369 991 449 Libyae
1007 372 1136 429 citus
1153 370 1342 429 adstitit
1355 370 1482 432 oris.

196 460 272 516 -Et
286 460 391 534 jam
407 452 531 533 juffa
545 452 663 514 facit
683 480 694 513 :
716 473 1020 536 ponuntque
1036 451 1278 514 ferocia‘P
1288 452 1397 511 oeni

1642 116 1748 194 139

1548 534 1752 603 Corda,

68 640 294 682 Africanam
311 669 323 688 ‚
347 651 391 682 ut
413 641 532 696 aliqui
546 641 665 680 etiam
679 653 723 680 ex
739 637 878 680 nostris
927 650 1021 689 pore
1057 636 1363 678 invadendarum
1409 647 1597 679 tertarum
1625 638 1750 682 causta

63 697 318 752 scriptoribus
330 712 344 747 3
359 696 422 739 sed
433 698 602 753 respectu
615 699 769 738 alterius
782 701 879 737 Car·
925 693 1050 734 fuerat
1064 696 1279 749 navigatio,
1292 706 1334 734 ut
1348 695 1526 736 Salustius
1537 699 1722 738 meminit
1734 712 1747 739 ε

67 755 236 810 thaginis
247 784 260 803 ,
275 769 354 810 quae
366 757 486 796 etiam
499 758 542 799 in
555 753 753 809 Hispania,
765 766 879 809 quam
925 749 1034 791 facili
1057 763 1142 791 tum
1158 753 1380 792 mutatione
1391 748 1563 793 sedium:
1592 755 1751 810 quode-

63 812 294 854 condiderat
318 811 532 853 Asdrubal:
571 826 718 853 novam
741 812 880 866 quippe
929 809 1025 848 tiam
1038 805 1215 848 excusant
1227 809 1394 858 Troiani
1411 837 1422 854 ‚
1435 818 1515 853 Non
1528 828 1588 852 nos
1599 816 1751 864 autfer-

66 871 244 910 Amilcar
264 870 458 910 condidit.
489 870 584 913 Vide
609 874 723 926 Joan.
739 869 883 910 Maria-
927 881 964 905 ro
976 866 1282 920 Libycospopulare
1287 878 1438 920 penates
1448 873 1633 911 Venimm.
1677 874 1753 910 Er..

70 939 165 966 nam
179 925 399 981 lib.·2.cap.
415 928 516 970 8.de
529 927 659 968 Rebus
674 925 880 979 Hispaniae‚
930 935 981 976 go
995 921 1068 962 hoc
1079 923 1203 976 agitur
1217 950 1230 968 ,
1259 933 1305 962 ut
1327 920 1449 963 discat
1477 926 1585 967 Dido
1610 939 1679 968 eos
1700 928 1751 970 ad

72 985 114 1024 ὅ(
141 983 410 1029 Abrahamum
424 986 468 1024 in
481 984 615 1039 Indice
628 1011 643 1032 ‚
668 982 883 1033 ubiadjun-
933 979 1091 1019 Italiam
1113 978 1291 1020 tendere.
1344 978 1562 1032 Quomodo
1595 997 1691 1039 ergo
1715 983 1755 1026 se

25 1057 27 1061 ¹
70 1041 130 1095 git
154 1042 347 1082 auctores.
391 1045 544 1082 Novam
567 1039 719 1082 Urbem
730 1036 883 1084 καινία),
930 1037 1057 1090 iungit
1069 1041 1198 1078 AEneae
1214 1039 1228 1077 ἒ
1245 1034 1317 1077 Sed
1327 1032 1467 1077 furoris
1480 1040 1575 1080 illud
1589 1040 1752 1089 est,non

70 1097 243 1144 νεόκἿιςον
261 1128 272 1144 ,
291 1098 491 1139 νεοποίκἿον
505 1127 517 1144 ,
533 1095 667 1151 νεκρῃόν
682 1127 693 1143 ,
709 1093 883 1138 vaomar-d-
930 1093 1091 1133 consilii.
1135 1096 1236 1134 Nam
1250 1106 1319 1134 nec
1332 1091 1589 1137 sacerdotibus
1604 1097 1677 1138 haec
1690 1101 1750 1141 di-

72 1170 193 1200 ςατον
232 1167 372 1196 vocant
398 1155 530 1196 Graeci.
569 1154 665 1196 Vide
687 1155 884 1195 Pollucem
928 1150 1105 1191 centibus
1116 1150 1294 1191 credidit.
1322 1151 1440 1191 unde
1453 1151 1532 1200 est,
1549 1156 1654 1211 Qid
1664 1169 1751 1198 vota

71 1210 143 1253 lib.
157 1225 193 1266 9.
209 1225 290 1265 cap.
307 1228 348 1260 4.
364 1212 483 1253 Urbis
494 1212 604 1263 hujus
615 1213 740 1252 civem
755 1226 884 1252 νεοπο-
921 1211 1119 1260 furentem,
1149 1209 1258 1267 Qid
1268 1208 1413 1248 delubra
1417 1213 1582 1262 juvant?
1620 1213 1750 1256 Idem,

67 1268 194 1311 λί-ιίω.
229 1268 357 1310 cerda.
993 1278 1087 1318 300.
1118 1270 1224 1307 Volat
1234 1266 1293 1305 ille
1302 1280 1365 1319 per
1376 1268 1501 1319 afim]
1531 1267 1675 1310 similis
1689 1270 1750 1311 hic

38 1332 51 1338 ”·
128 1326 346 1378 Parmam]
389 1327 544 1378 Propter
564 1324 663 1365 illud
680 1352 695 1372 ,ν
731 1325 885 1365 Canatha
932 1320 1131 1363 festinatio
1146 1322 1393 1362 Mercuriiest
1405 1350 1417 1369 ,
1433 1321 1592 1377 utsupra
1605 1330 1756 1381 Neptu-

63 1384 102 1423 ub
114 1385 264 1423 Italiam
274 1394 451 1423 terrarum
463 1383 641 1422 clauditur
650 1384 756 1422 orbis.
777 1389 880 1423 Serv.
936 1379 993 1427 ni,
1007 1381 1051 1420 in
1065 1381 1216 1436 Qarto
1231 1392 1244 1426 3
1258 1384 1303 1419 Et
1315 1383 1449 1420 talaria
1459 1382 1569 1422 neHit
1584 1410 1599 1431 ,
1613 1390 1656 1425 Ει
1669 1390 1753 1427 vir-

130 1446 287 1479 Pateant
297 1440 434 1492 arten]
466 1442 629 1492 Propter
640 1439 734 1479 illud
749 1467 763 1486 ,

91 1497 247 1537 CunHm
273 1498 312 1537 ob
336 1500 486 1538 Italiam
513 1509 691 1538 terrarum
713 1496 887 1540 clauditur

187 1554 291 1594 orbis.

70 1612 176 1649 Bene
202 1611 351 1650 Servius
376 1609 565 1651 admonet
591 1608 711 1650 verbo
739 1621 885 1663 pateant

1 1711 10 1723 x
68 1666 182 1722 innui
208 1666 384 1707 habitum
411 1670 452 1707 &
475 1667 645 1707 formam
660 1667 786 1720 pacis:
819 1666 885 1706 hac

74 1724 184 1763 enim
209 1736 421 1778 regnante,
444 1728 580 1764 omnia
597 1735 746 1777 patent.
788 1724 884 1765 Vide

35 1776 50 1809 χ*
73 1793 111 1823 2.
126 1779 213 1824 Αἶα.
239 1781 392 1822 adillud
403 1782 742 1836 Pandunturportae.
789 1781 886 1822 Vide

69 1850 160 1878 vero
185 1838 362 1893 (apparet
386 1840 525 1893 quippe
542 1841 585 1879 in
599 1839 780 1878 minimis
794 1839 886 1878 dili-

0 1914 5 1917 ·
67 1895 203 1948 gentia
219 1898 358 1949 Poetae)
373 1898 428 1937 uti
441 1909 552 1937 voces
563 1898 774 1936 contrarias
787 1909 882 1935 con-

67 1952 235 2002 junxerit
242 1966 395 2007 pateant
404 1970 516 1994 arces.
556 1955 679 1994 Distae
692 1954 778 1994 sunt
791 1969 887 1994 arces

67 2008 117 2048 ab
130 2011 306 2050 arcendo.
340 2014 500 2050 Pateant
512 2024 604 2065 ergo
618 2024 730 2050 arces.
761 2024 886 2065 neque

69 2078 225 2108 arceant
240 2097 254 2116 ,
286 2068 378 2109 inde
401 2068 529 2123 postea
542 2097 554 2115 ,
579 2069 710 2120 finibus
736 2080 885 2110 arceret.

71 2123 213 2164 Cerda.

128 2194 222 2234 299.
254 2181 444 2235 Hospitio]
458 2181 521 2222 Ad
536 2179 758 2234 hospitium.
774 2184 887 2222 Non-

71 2238 170 2276 nulli
181 2235 269 2277 sane
279 2250 584 2294 pateant,pacatae
597 2238 670 2280 fint
680 2239 885 2292 accipiunt:

71 2304 114 2332 ut
140 2294 282 2335 Sallust.
309 2299 421 2335 Simul
440 2298 605 2337 immanis
628 2298 804 2337 hominum
828 2299 887 2338 vis

75 2354 199 2392 multis
210 2354 229 2392 ε)
237 2354 316 2392 locis
333 2381 345 2398 ,
368 2355 532 2405 invafi’re
542 2365 706 2407 patentes
717 2365 793 2393 tum
807 2382 822 2402 ,
835 2359 887 2398 (J

67 2411 171 2462 pacis
182 2409 279 2448 modo
289 2409 429 2462 efflafiu.
456 2411 527 2449 Hic
538 2411 647 2449 enim
662 2407 813 2450 habitus
826 2422 890 2463 pa-

77 2464 159 2512 cis,
177 2470 223 2506 Et
236 2466 279 2505 in
291 2467 481 2511 Catilina,
495 2467 629 2506 Canache
640 2469 755 2507 maria
766 2479 891 2507 terrae-

76 2537 143 2576 que
153 2525 337 2578 patebant.
368 2524 428 2564 Sic
438 2525 546 2562 enim
562 2534 713 2570 contra,
729 2535 816 2563 cum
829 2523 888 2563 di-

56 2579 199 2627 -citur,
226 2583 353 2634 Claufiz
374 2584 518 2626 omnia3
548 2579 690 2620 bellum
703 2579 890 2634 fignifica-

20 2673 24 2676 .
74 2646 138 2676 tut
152 2655 164 2678 .·
191 2635 322 2690 utipse
337 2666 349 2684 ,
366 2646 460 2694 Qae
472 2641 597 2678 maem'a
605 2638 733 2690 clausis
743 2643 888 2678 Ferrum

79 2697 344 2747 acuantportis.
374 2695 537 2735 Servius.

137 2754 395 2804 Nefatiancia
406 2751 539 2804 Dida]
573 2754 666 2792 Non
690 2748 742 2790 sui
758 2778 770 2796 ,
796 2762 887 2791 nam

77 2805 105 2847 fi
117 2807 228 2848 sciret
239 2809 383 2849 exitum
395 2806 500 2849 suum
512 2837 524 2856 ,
550 2810 676 2848 multo
690 2808 812 2861 magis
824 2820 889 2847 ve-

79 2874 197 2904 taret.
222 2863 287 2905 sed
303 2869 382 2905 Fati
393 2866 515 2915 dixit,
543 2865 750 2905 voluntatis
764 2865 886 2921 Jovis.

9 2926 14 2932 “
80 2933 123 2961 ut
135 2920 188 2961 est
202 2950 213 2968 ,
238 2925 339 2962 Fatis
354 2923 665 2978 Junonisiniquae.
695 2926 774 2962 Aut
786 2933 888 2962 certe

75 2977 148 3018 fati
162 2982 424 3024 Troianorum
438 3008 452 3028 ,
475 2980 636 3035 quinon
646 2976 785 3032 sponte
798 3009 810 3026 ,
826 2977 887 3033 sed

79 3034 284 3076 necessario
299 3036 345 3076 ad
360 3035 532 3077 Africam
545 3047 729 3076 venerant
745 3050 754 3074 ε
785 3037 889 3091 quod

929 1453 1014 1493 gam
1026 1442 1136 1493 capit,
1152 1439 1190 1478 ὅ(
1206 1438 1287 1491 plus
1302 1449 1488 1478 moratur.
1516 1440 1632 1480 Idem.

992 1499 1100 1536 Volat
1112 1494 1169 1535 ille
1173 1509 1240 1549 per
1250 1502 1337 1535 ab'ra
1349 1497 1602 1551 magnum.]1n
1617 1498 1753 1542 codice

936 1551 1207 1606 Mediceo‚per
1217 1552 1351 1592 aethera
1365 1553 1527 1605 legitur:
1554 1552 1619 1597 sed
1643 1566 1754 1608 affra,

936 1610 1063 1662 magis
1076 1618 1284 1662 receptum.
1318 1611 1470 1650 Pierius.

992 1669 1098 1707 Volat
1119 1666 1218 1719 illa]
1245 1668 1411 1706 Notctur
1425 1679 1679 1709 numerorum
1689 1684 1756 1711 ce·-

933 1722 1080 1763 leritas.
1122 1723 1276 1780 Qippe
1289 1723 1330 1762 in
1343 1722 1534 1765 obeundis
1545 1726 1752 1779 legationi-

937 1779 1006 1821 bus
1017 1779 1191 1822 laudatur
1204 1780 1416 1821 maturitas.
1448 1787 1525 1822 Aut
1537 1784 1654 1823 etiarn
1667 1788 1752 1826 Pla-

937 1850 1032 1878 netae
1082 1838 1300 1879 velocitatis
1353 1839 1551 1879 rationem
1602 1840 1749 1884 habuit.

935 1897 1081 1937 Taubm.

994 1957 1109 1994 ,Aiira
1132 1952 1337 2008 magnum]
1365 1955 1526 1994 Homer.
1554 1953 1685 2009 Odyffi
1709 1971 1754 2012 9.

934 2010 1037 2062 εἰήρρι
1055 2008 1215 2056 βαθεῖοω
1240 2009 1349 2049 dixit.
1387 2013 1566 2068 Hartung.

993 2081 1044 2119 30
1054 2081 1069 2107 1
1079 2096 1088 2107 .
1135 2068 1294 2122 Remigio
1317 2068 1493 2120 alarum]
1536 2067 1756 2111 Transsatio

934 2125 1129 2179 reciproca
1143 2154 1155 2172 ,
1169 2136 1263 2164 nam
1273 2123 1367 2164 alibi
1382 2152 1394 2172 ,
1407 2128 1557 2166 velorum
1560 2127 1752 2183 pandimm

936 2184 1026 2222 altos.
1059 2181 1220 2222 Servius.
1248 2202 1251 2204 ·

997 2239 1154 2293 Remigio
1164 2240 1340 2291 alarum]
1357 2238 1484 2280 Aliter
1496 2239 1606 2282 enim
1619 2241 1752 2284 volare

939 2308 1021 2335 non
1036 2293 1229 2349 potuisset.
1259 2301 1438 2336 Donatm.

997 2353 1138 2405 Cium]
1164 2355 1239 2392 Pro
1250 2355 1317 2392 cito
1333 2380 1346 2400 ,
1359 2351 1586 2395 adverbium
1599 2364 1754 2409 tempo-

936 2410 990 2449 ris
1004 2437 1015 2454 ,
1038 2411 1082 2449 in
1096 2422 1246 2449 nomen
1259 2408 1460 2449 deflexum.
1503 2415 1552 2450 Et
1565 2409 1666 2452 bene
1677 2412 1754 2455 hoc

938 2466 986 2505 de
998 2466 1206 2506 Mercurio.
1236 2469 1340 2505 Cum
1353 2466 1461 2506 enim
1474 2468 1549 2508 alia
1560 2466 1663 2522 figna
1678 2464 1776 2511 tar-⁸

940 2523 987 2563 de
1011 2523 1059 2562 ad
1072 2535 1178 2575 ortus
1190 2520 1275 2561 suos
1287 2534 1508 2572 recurrant,
1539 2528 1754 2568 Mercurius

937 2580 1092 2619 decimo
1108 2581 1246 2620 octavo
1259 2579 1323 2620 die
1345 2580 1390 2620 in
1411 2592 1503 2622 ortu
1515 2580 1583 2622 suo
1596 2584 1753 2625 inveni-

935 2649 1009 2679 tur.
1035 2640 1192 2678 Servius.

996 2707 1092 2744 302.
1122 2700 1165 2734 Et
1178 2694 1393 2749 jamjuffiz]
1419 2695 1599 2736 frustum
1613 2709 1754 2741 execu-

936 2751 1058 2792 tionis
1072 2753 1240 2805 impletae
1253 2749 1395 2804 posuit.
1425 2757 1602 2793 Donatus.

991 2811 1269 2861 Ponuntfhrocia
1281 2807 1422 2860 eordan]
1438 2813 1581 2851 Natura
1591 2811 1697 2854 ferox
1707 2812 1752 2857 in

932 2867 1138 2908 lenitatem
1152 2877 1332 2906 mutatur.
1364 2866 1481 2908 Idem.

996 2924 1174 2975 Feraria]
1189 2926 1290 2963 Nam
1302 2921 1389 2963 Afri
1398 2950 1410 2969 ,
1412 2938 1521 2980 genus
1533 2923 1755 2970 intraffahile

936 2980 1035 3023 ero.
1065 2981 1204 3022 Cetda.

998 3039 1137 3092 Poeni]
1165 3035 1396 3093 Α’ντίςωχον
1415 3036 1468 3079 est
1481 3039 1582 3096 quasi
1595 3040 1750 3084 Phoeni.

72 3093 204 3149 utique
215 3091 421 3149 ignorabat
437 3095 554 3137 Dido.
580 3095 657 3136 1110
669 3095 777 3136 enim
789 3105 888 3154 tem-
940 3099 1100 3138 Servius.

1571 3166 1664 3208 303.
1683 3163 1758 3197 Va-
