2037 3787
443 150 901 206 AENE1Dos

986 145 1151 203 Lm.
1201 148 1287 205 II.
1613 166 1715 228 333

51 274 108 332 13
123 272 146 333 5
165 246 485 329 Limosoque
501 250 611 305 lacu
630 267 718 327 per
740 246 953 303 noeiem
968 243 1210 303 obscurus
1226 246 1278 303 in
1290 245 1408 304 ulva

1558 331 1716 387 Deli-

96 466 211 517 Leto.]
242 462 668 506 Nonsacrificio:&est
681 462 850 518 hystero-
903 470 1134 515 potuerunt?
1168 471 1226 505 De
1255 466 1382 506 Metio
1407 466 1538 507 Livius
1570 465 1642 507 lib.
1670 482 1711 510 1.

41 534 223 576 proteron
239 551 251 569 ‚
281 523 384 574 prius
406 522 515 562 enirn
529 533 609 561 erat
622 551 633 569 ‚
651 533 690 561 ut
705 523 853 561 vincula
901 524 1034 559 Metius
1045 525 1083 561 in
1091 522 1253 576 paludem
1253 525 1327 575 fi’ft
1331 523 1714 579 strepitust-quentium

45 589 252 631 rumperet,
268 580 306 619 δι
321 578 368 618 fic
378 578 537 631 fugeret.
568 580 725 618 Servius.

103 638 258 675 Vmcula
268 636 381 690 rupi.]
404 635 526 690 Atqui
537 631 665 674 solutae
677 633 762 674 sunt
779 632 848 672 ho-

46 689 133 731 stiae.
178 694 277 731 Nam
315 691 501 744 piaculum
524 690 576 730 est
604 692 645 731 in
669 688 851 730 sacrificio

41 748 186 802 aliquid
197 745 270 788 effe
279 750 489 801 religatum.
508 753 543 788 U
550 747 622 787 nde
633 747 686 788 est
698 776 713 796 ,
732 754 848 790 Unum

43 816 156 844 exuta
185 805 310 860 pedem
339 809 462 846 vinclia
490 809 527 844 in
555 804 645 857 vesle
686 803 851 844 recinft'a.

46 865 149 901 Item
160 889 175 909 ,
202 863 390 916 Isittafilue
412 864 552 914 resblvit
564 864 701 900 Sacrati
714 863 849 916 capitis.

47 920 150 971 Ergo
175 918 326 958 vincula
348 919 547 973 religionis
570 918 756 971 intellige.
797 927 852 962 ut,

45 977 90 1013 Et
113 977 241 1027 vinclis
262 979 404 1015 innaret
422 982 449 1015 C
451 979 541 1016 loelt'a
551 978 686 1028 ruptis,
716 970 858 1013 scilicet

45 1028 215 1071 foederis.
272 1034 352 1071 Nec
380 1033 489 1072 enirn
513 1030 659 1071 obfides.
685 1042 853 1084 unquam

48 1085 281 1140 obligantur.
315 1092 338 1117 *
354 1092 461 1128 Ante
485 1088 592 1128 enim
615 1086 858 1141 ligabantur:

48 1154 90 1182 ut
102 1146 299 1200 Juvenalis
311 1173 325 1194 ,
349 1146 422 1184 Sed
438 1149 555 1200 procul
565 1147 856 1201 extenfimpetu-

54 1203 134 1240 lans
147 1201 523 1256 quatit-hostiasunem.
553 1201 675 1241 Idem.

106 1260 343 1312 Eripuifateor
354 1262 420 1298 leto
429 1274 482 1298 me
496 1285 510 1305 ,
526 1264 578 1303 (φ
590 1260 732 1298 vincula
743 1255 857 1312 raph]

59 1316 144 1362 Hoc.
158 1315 381 1354 Ennianum
394 1311 500 1367 sapit.

113 1391 189 1402 —-·
213 1377 308 1411 Szcut
320 1386 426 1425 equus
437 1374 496 1425 qui
505 1368 550 1409 de
558 1370 757 1425 praefi’pibus
767 1370 851 1407 alcis

69 1429 199 1465 Vincla
204 1430 281 1478 suis
292 1429 427 1482 magnis
438 1430 566 1466 animis
576 1429 767 1480 abrumpit,
773 1433 858 1468 &a

54 1486 102 1521 Et
128 1483 280 1536 Apuleii
301 1482 416 1523 verba
439 1483 692 1536 congruuntl.
706 1495 744 1536 9.
761 1486 859 1521 Met.

54 1541 421 1593 Wnculo,quofueram
430 1540 619 1595 deligatus,
629 1541 847 1595 abrtepto,cur
856 1559 864 1564 ·

55 1598 323 1650 ficmepraeripio
336 1598 420 1647 filis
438 1598 597 1652 pedibus.
629 1592 860 1635 Emmeneffi

111 1665 153 1703 13
167 1670 200 1703 ς.
231 1655 421 1708 Limosbque
429 1653 541 1705 lacu.]
555 1657 609 1693 Ut
621 1650 860 1692 verisimilem

53 1705 182 1762 fugam
192 1707 617 1756 faciat‚circumstantiis
628 1710 761 1749 utitur.
782 1712 862 1749 No-

55 1764 213 1805 tandum
247 1763 338 1806 sane
358 1767 562 1820 Virgilium
597 1764 663 1806 sub
695 1766 860 1806 aliorum

53 1819 212 1874 persona
235 1821 395 1863 caussam
418 1824 552 1878 exequi
577 1822 798 1863 nobilium:
823 1832 863 1863 ut

56 1877 227 1918 hocloco
242 1880 368 1919 Marii.
398 1885 498 1920 Item
525 1882 637 1935 paulo
648 1878 730 1933 post
746 1885 861 1919 Porn-

54 1935 146 1989 peji:
159 1946 215 1983 ut,
226 1941 318 1989 Jacet
331 1939 452 1993 ingens
465 1940 565 1977 litor'e
577 1949 731 1978 truncus.
763 1941 862 1976 Serv.

18 2000 20 2002 ·
108 1995 424 2049 ιίωοβᾳηείαεη.]
445 1996 577 2035 Limus
590 1995 696 2034 enim
711 1994 865 2033 &lacus

55 2043 356 2102 suffragabantur
368 2077 382 2099 ‚
401 2065 450 2091 ne
461 2048 610 2104 postem
623 2048 865 2104 insequentes

55 2103 212 2145 intrare.
247 2104 375 2148 Posuit
402 2110 443 2148 ὅ(
467 2108 625 2155 noHem,
651 2119 742 2147 nam
754 2118 866 2148 tene-

56 2159 132 2201 brae
143 2162 386 2212 adjuvabant.
414 2171 591 2204 Donatus.

112 2221 306 2274 Limqfhque
315 2222 428 2273 lacu]
460 2220 598 2261 Scribit
611 2220 758 2260 Servius
770 2248 782 2265 ,
797 2217 865 2259 sub

56 2272 218 2327 persona
253 2276 409 2316 Sinonis
447 2276 519 2316 hoc
553 2280 641 2318 loco
668 2275 863 2316 historiam

58 2331 174 2370 Marii
199 2333 338 2386 attingi
362 2330 384 2373 a
409 2336 537 2374 Poeta.
593 2333 722 2387 Qam
749 2334 863 2373 Servii

54 2383 287 2428 sententiam
300 2389 513 2443 approbant
529 2393 865 2436 Germanus‚Hen-

899 577 1101 630 trepidante
1113 594 1196 634 equo
1208 583 1360 634 conjecit.
1402 585 1464 620 De
1488 581 1629 621 eodem
1642 585 1716 622 Fa-

905 631 988 672 bius
1002 634 1127 673 Pistor
1152 635 1216 674 lib.
1238 649 1274 676 2.
1290 636 1338 675 de
1351 637 1447 690 orig.
1466 639 1584 677 Italiae
1600 651 1611 676 ε
1638 644 1714 681 Ro-

905 694 1013 728 mulus
1045 691 1294 748 redintegratis
1317 695 1482 740 viribus,
1517 703 1568 739 (9⁴
1592 697 1663 750 ips}
1687 695 1715 734 a*

898 749 1014 800 fronte
1027 748 1178 787 caedebat
1196 776 1206 792 ,
1229 748 1313 788 adeo
1326 777 1338 795 ,
1361 762 1402 788 ut
1418 754 1553 791 Metius
1565 754 1602 791 in
1609 757 1718 808 palu-

902 802 983 842 clem
997 804 1074 854 fist
1095 820 1170 843 cum
1183 820 1266 857 equo
1277 817 1433 845 armatus
1442 804 1618 861 injiceret.
1652 814 1717 850 De

902 858 1083 898 Antonio
1105 860 1223 899 etiam
1248 860 1369 901 fimile
1381 862 1470 916 quid
1485 877 1612 904 narrat
1624 867 1715 907 Plu-

903 913 1052 954 tarchus
1065 915 1104 955 in
1120 917 1196 956 vita
1210 919 1313 957 Bruti
1330 931 1341 956 ε
1367 923 1575 961 ,Antonium
1588 922 1715 964 dicunt

900 973 1003 1011 initio
1007 987 1128 1028 pugnae
1139 973 1276 1027 hostium
1287 977 1492 1031 congreffhm
1505 980 1718 1034 evitaviffe,

902 1039 1004 1082 atque
1026 1031 1065 1068 in
1084 1029 1251 1084 paludem
1255 1034 1330 1084 fi'fi'
1340 1036 1510 1086 recepiffb.
1542 1040 1716 1076 Demum

903 1096 966 1124 cur
978 1097 1060 1124 non
1082 1085 1203 1126 allusit
1234 1086 1326 1141 (hoc
1348 1087 1462 1128 credo
1487 1091 1630 1147 verius)
1661 1092 1711 1133 ad

907 1140 1103 1185 historiam
1118 1141 1230 1196 ipfius
1246 1143 1432 1198 Augusti?
1463 1145 1510 1186 de
1535 1161 1611 1202 quo
1637 1151 1720 1189 Pli-

908 1198 994 1238 nius
1004 1198 1072 1239 lib.
1087 1211 1125 1250 7.
1142 1212 1173 1238 c.
1186 1214 1253 1250 45.
1276 1214 1432 1240 narrans
1445 1203 1716 1257 incommoda,

907 1267 986 1309 quae
997 1256 1071 1300 illi,
1083 1255 1229 1296 etiamfi
1239 1256 1469 1305 feliciffimo‚
1482 1261 1721 1313 acciderunt,

907 1311 959 1350 ita
971 1312 1047 1351 ait:
1078 1313 1287 1368 Philippensi
1306 1318 1422 1369 praelio
1433 1317 1567 1364 morbus
1581 1347 1596 1367 ‚
1607 1323 1720 1370 fuga,

910 1373 962 1411 (φ
983 1368 1101 1409 triduo
1123 1374 1162 1409 in
1182 1371 1312 1425 palude
1334 1375 1476 1412 latebrae
1486 1380 1616 1429 aegroti.
1644 1365 1720 1417 Ᾰῑ·

909 1438 981 1479 que
1006 1438 1054 1465 eo
1072 1427 1192 1480 magis
1207 1428 1322 1468 credo
1338 1456 1350 1474 ,
1376 1428 1471 1468 hanc
1483 1429 1591 1472 fuisse
1603 1445 1720 1474 men-

902 1492 982 1520 tem
998 1485 1124 1522 Poetae
1139 1486 1181 1522 in
1196 1481 1247 1523 sui
1261 1486 1423 1539 gratiam
1437 1487 1641 1542 Principis,
1653 1491 1720 1530 in-

910 1538 1026 1592 digna
1042 1538 1130 1592 passi
1145 1570 1157 1588 ,
1186 1554 1262 1594 quo
1285 1542 1423 1582 certius
1446 1543 1500 1583 est
1514 1544 1586 1585 hoc
1598 1546 1724 1588 confi-

913 1595 1016 1635 stum
1029 1593 1050 1636 a
1060 1598 1239 1650 Virgilio.
1257 1598 1423 1641 Calaber
1435 1601 1561 1651 enim,
1573 1606 1728 1644 Home-

911 1665 973 1691 rus
986 1679 1000 1700 ‚
1024 1654 1313 1707 Tryphiodorus
1326 1684 1337 1701 ,
1368 1658 1432 1710 qui
1447 1658 1658 1712 loquuntur
1670 1661 1722 1703 de

914 1709 1060 1749 Sinone
1072 1737 1086 1757 ,
1101 1710 1199 1751 nihil
1210 1713 1285 1751 tale
1298 1711 1440 1753 dicunt.
1473 1714 1559 1754 imo
1575 1717 1727 1761 Plautus

913 1766 956 1805 in
970 1765 1187 1807 Bacchidib
1202 1766 1365 1822 expresse
1377 1770 1597 1817 ait‚latuisse
1609 1775 1730 1815 Sinoss

914 1835 1005 1862 nem
1015 1824 1055 1862 in
1068 1821 1264 1876 sepulchro
1281 1826 1456 1874 Achillis,
1470 1828 1523 1868 ita
1536 1829 1643 1870 enim
1657 1833 1730 1874 ait:

914 1880 1164 1930 Menefiloclms
1186 1886 1291 1923 Sinon
1316 1884 1378 1923 eff.
1411 1885 1567 1926 Reliffbus
1587 1887 1647 1928 ille
1661 1907 1727 1930 nm

911 1939 950 1976 in
974 1937 1064 1990 busto
1087 1939 1282 1989 Achillis,
1303 1939 1372 1994 fid
1404 1944 1442 1981 in
1462 1942 1547 1983 [effa
1570 1948 1727 1988 accubat.

915 1993 1058 2033 Cerda.

972 2058 1042 2090 Per
1065 2049 1199 2090 melem
1220 2052 1548 2105 effususqessona
1560 2057 1732 2100 elocutio

915 2105 970 2146 est
984 2135 995 2153 ‚
1026 2120 1108 2148 rem
1132 2108 1320 2161 temporis
1330 2110 1376 2150 ad
1391 2109 1592 2164 personam
1606 2125 1732 2157 trans-

914 2162 1035 2203 ferre:
1066 2177 1122 2212 ut,
1139 2168 1345 2207 Matutinus
1357 2170 1469 2208 venit.
1498 2171 1659 2213 Servius.

968 2224 1103 2274 Ulva.]
1127 2220 1254 2261 Herba
1266 2223 1447 2275 palustris.
1483 2231 1580 2268 Sane
1593 2229 1636 2269 in
1650 2241 1734 2271 arte

918 2275 1107 2317 rhetorica
1118 2306 1129 2323 ,
1160 2291 1323 2319 omnem
1348 2283 1611 2324 narrationem
1643 2299 1734 2328 cum

915 2333 973 2372 rei
998 2333 1166 2387 partibus
1191 2335 1326 2375 dicunt
1348 2341 1557 2381 convenire
1592 2341 1735 2384 debere

916 2391 1019 2436 loco,
1034 2402 1230 2443 tempore,
1241 2394 1417 2440 materia,
1431 2394 1733 2450 causa‚persona.

55 2444 365 2499 ric-StephanuS,
381 2448 420 2486 &
435 2444 595 2487 Francis.
612 2446 780 2486 Floridus
791 2448 816 2485 1.
827 2461 863 2487 r.
920 2446 992 2485 Hic
1004 2447 1050 2487 ad
1062 2445 1203 2501 singula
1215 2445 1482 2502 respondetur,
1498 2466 1589 2494 nam
1603 2455 1737 2497 Persoss

58 2505 142 2542 Suc.
166 2515 199 2541 c.
220 2515 280 2542 ιο.
323 2502 532 2543 Historiam
563 2503 683 2557 ipsam
713 2514 868 2543 narrant
922 2515 971 2542 na
983 2504 1118 2558 Ulyxis
1131 2505 1287 2555 ponitur
1300 2506 1348 2546 ad
1359 2506 1570 2550 fallendum
1594 2512 1739 2567 aptissi-

55 2558 290 2606 Plutarchus,
303 2560 545 2600 Velleiuslib.
565 2575 601 2601 2.
615 2559 771 2600 orosius
784 2561 806 2599 l.
830 2575 866 2610 5.

56 2626 89 2654 c.
109 2630 166 2669 ¹9.
200 2616 370 2657 Valerius
384 2621 484 2656 Max.
509 2616 623 2658 Ovid.
641 2632 676 2668 4.
692 2617 740 2656 de
754 2621 867 2658 Pont.

925 2571 997 2599 ma.
1034 2559 1176 2608 Causa,
1201 2563 1288 2616 quia
1302 2563 1459 2604 timeret
1471 2580 1521 2606 ne
1533 2568 1636 2610 ultor
1647 2569 1740 2612 esset

924 2617 1149 2657 Palamedis.
1215 2622 1384 2672 Tempus
1424 2621 1473 2662 ad
1513 2627 1737 2669 nocendum

85 2672 153 2714 Ille
167 2673 389 2730 Jugurthino
400 2676 735 2729 clarus‚Cimbr0que
745 2678 872 2715 tn‘nm-
922 2673 1155 2726 aptiffimum
1171 2703 1183 2721 2
1211 2688 1300 2716 cum
1313 2676 1381 2717 fibi
1394 2677 1551 2734 quisque
1563 2683 1739 2728 timeret.

246 2730 303 2776 ho,

128 2789 208 2841 Qo
217 2747 354 2828 ζὶιῑίνίκ
365 2790 468 2827 toties
483 2793 512 2828 C
513 2790 624 2840 onficle
638 2792 746 2828 Roma
752 2790 842 2839 ficit,

926 2731 1066 2771 Modus
1077 2732 1240 2786 agendi,
1269 2737 1329 2773 Bis
1339 2737 1458 2789 quinos
1474 2737 1561 2787 silet
1569 2740 1631 2780 ille
1644 2742 1738 2783 dies.

925 2790 1087 2828 Materia
1101 2818 1112 2836 ‚
1136 2792 1362 2846 Sassefiuges
1376 2798 1427 2836 (φ
1438 2795 1566 2835 circum
1585 2809 1743 2854 tempora

88 2844 135 2882 In
147 2846 353 2897 coenoj-acuit
365 2847 704 2899 Marius,cannaque
713 2844 873 2899 palustri,
923 2848 1040 2885 vittae.
1070 2850 1194 2885 Locus
1208 2875 1219 2892 ,
1246 2854 1315 2887 Per
1325 2849 1456 2889 noHem
1468 2851 1626 2905 obfturus
1637 2859 1677 2896 in
1690 2860 1744 2896 ul·-

129 2903 281 2940 Pertulit
305 2907 357 2945 ἔφ’
370 2913 470 2941 tanto
480 2905 591 2942 multa
597 2902 763 2957 pudenda
775 2905 861 2942 viro.

59 2955 232 2995 Lucanus
243 2957 361 2997 etiam
375 2956 443 2997 lib.
459 2972 479 2999 2
487 2987 497 2997 .

89 3015 181 3050 Exul
189 3016 304 3067 limostt
322 3017 460 3056 Mariua
472 3014 575 3067 capul
589 3013 731 3054 abdidit
747 3018 841 3054 ulva.

925 2917 973 2941 va
986 2905 1134 2942 Delieui.
1168 2903 1295 2943 Idem.

982 2961 1112 3011 Usum]
1143 2961 1416 3001 Timiditatem
1448 2964 1658 3005 maximam
1698 2967 1746 3008 fi-

928 3017 1072 3055 mulat:
1103 3028 1145 3056 ut
1157 3030 1244 3056 cum
1264 3019 1304 3057 in
1318 3019 1406 3057 loco
1421 3017 1511 3059 esset
1527 3051 1539 3069 ,
1565 3022 1611 3061 ad
1624 3036 1741 3076 quem

57 3069 162 3107 Cum
189 3082 298 3110 mens
320 3071 385 3111 ista
399 3072 515 3111 Servii
531 3072 584 3111 ita
597 3070 640 3110 {it
653 3069 874 3123 plausibilis,
896 3099 900 3128 s
930 3072 1024 3112 nulli
1037 3071 1126 3113 effet
1140 3075 1266 3114 aditus
1282 3103 1292 3119 ,
1320 3087 1456 3115 tamen
1481 3077 1523 3116 in
1538 3091 1585 3118 eo
1600 3092 1741 3134 quaere-

55 3136 120 3164 cur
146 3137 229 3167 non
257 3127 417 3170 historie
431 3130 510 3170 aliae
524 3127 742 3169 adumbrari
758 3126 778 3169 Ξι
793 3142 876 3171 vate
892 3134 898 3178 ξ
927 3140 983 3169 tet
997 3130 1176 3172 latebras..
1223 3135 1349 3173 [Ilvam
1362 3133 1494 3174 dicunt
1505 3148 1587 3176 rem
1600 3163 1613 3183 ‚
1627 3150 1742 3191 qnam

1616 3195 1750 3249 vulgus
