2037 3787
472 154 868 212 AENEIDo

903 167 928 206 s
1014 149 1176 211 Lm.
1218 150 1267 212 I.

1619 151 1716 228 183

153 259 331 318 'AEneas
348 253 413 311 ait
428 292 444 319 ‚
483 259 538 310 &
555 249 748 331 fastigia
763 247 964 327 suspicit
978 245 1132 310 urbis,

160 338 319 399 Infert
331 336 380 394 se
392 334 559 414 septus
578 332 763 391 nebula
784 331 1049 404 (mirabile
1068 330 1227 396 dictu)

34 443 160 503 440
176 432 273 483 Per
288 418 489 479 medios
506 458 522 485 ‚
560 416 840 496 miscetque
861 416 975 474 viris
995 442 1012 488 3
1047 435 1215 494 neque
1234 410 1455 470 cernitur
1469 411 1577 473 ulli.

160 512 327 564 Lucus
340 504 390 558 in
408 499 532 558 urbe
550 498 641 557 fuit
656 500 826 557 media
843 537 859 563 ‚

896 496 1176 555 laetiffiinus
1194 494 1429 560 umbrae,

167 594 293 661 Qo
312 586 534 664 primum
554 584 724 660 jaetati
742 581 888 639 undis
908 587 959 638 &
976 579 1180 637 turbine
1198 579 1356 637 Poeni

155 666 403 728 Effodere
419 669 541 724 loco
559 667 758 748 signum
775 705 791 731 ‚
823 661 967 744 quod
984 662 1122 742 regia
1139 666 1279 737 Juno

30 857 115 898 ciis.
152 856 335 909 Exempla
359 856 399 895 in
426 870 507 897 uno
529 856 695 910 Virgilio
708 856 842 899 multa.

33 918 83 955 In
109 927 186 968 quo
211 912 295 953 funt
309 929 318 952 ε
342 916 521 970 assurgunt
536 925 649 954 turres
666 942 678 959 ,
697 916 846 969 fhrgenae

37 983 109 1011 tem
133 987 246 1010 arcem
273 977 300 1010 C
303 973 501 1027 arthaginis
516 999 528 1018 ,
543 974 689 1024 [largent
703 972 846 1010 moenia.

35 1030 169 1082 Neque
181 1028 264 1067 abit
276 1055 288 1074 ,
305 1033 447 1084 surgere
458 1043 577 1084 regna.
615 1032 672 1066 Ita
687 1033 848 1078 Proper·-

34 1085 111 1125 tius
125 1114 136 1130 ,
162 1088 332 1139 consaergit
353 1101 487 1126 murus.
516 1090 563 1123 Et
575 1082 749 1124 Tibullus
764 1090 843 1123 Ex-

25 1145 180 1199 ficrgunt
192 1144 318 1196 oppida
329 1144 452 1183 muris.
483 1140 622 1181 Cetda.

95 1212 143 1251 43
155 1201 187 1239 ³3.
226 1200 416 1255 Falligia]
432 1202 542 1238 Nunc
554 1196 678 1250 operis
692 1194 852 1236 summi-

36 1265 135 1297 tates
151 1268 165 1303 3
190 1254 282 1294 alibi
295 1257 370 1295 ima
383 1254 620 1308 significant:
645 1264 686 1293 ut
702 1280 715 1300 ,
739 1253 852 1304 Forfi-

36 1324 99 1352 tan
113 1315 341 1364 &sb-obibus
356 1340 367 1357 ‚
382 1328 459 1366 quae
466 1311 687 1367 sintfastigia
697 1324 846 1366 quaeras.

43 1370 210 1409 Servius.

100 1425 287 1480 Sulpicia]
316 1424 504 1464 Miratur:
527 1435 567 1462 ut
582 1420 852 1470 ,econtrarim
878 1447 880 1452 ν

40 1481 187 1536 despicit
198 1511 211 1529 ‚
225 1483 443 1521 contemnit
454 1480 649 1535 fignificat.
680 1482 797 1520 Idem.

1546 737 1719 794 Mon-

903 847 958 888 ibi
970 848 1119 888 lumina
1134 877 1147 896 ‚
1181 846 1302 889 cauffii
1318 847 1522 904 religionis
1534 875 1547 894 ,
1579 858 1620 886 ut
1633 842 1720 899 qui-

899 905 989 945 dam
1006 907 1158 946 volunt.
1179 905 1304 948 Idem.

956 970 1002 1003 In
1015 966 1179 1014 urbefuit
1191 963 1348 1014 medita]
1366 965 1475 1002 Nunc
1487 962 1565 1013 jam
1579 959 1624 999 in
1637 969 1721 998 tne-

899 1018 975 1058 dia.
1007 1020 1126 1060 Idem.

955 1083 1062 1116 Luem
1072 1080 1112 1117 in
1124 1077 1206 1118 urbe
1217 1079 1297 1128 fuit
1308 1075 1428 1116 media
1444 1103 1456 1120 ,
1471 1074 1587 1124 ἶνα]
1620 1069 1720 1112 Loci

900 1130 1110 1186 descriptio
1129 1132 1182 1174 est
1195 1162 1206 1179 ‚
1239 1146 1322 1172 non
1347 1131 1503 1185 simplex
1514 1159 1524 1176 ,
1554 1129 1615 1169 sed
1627 1142 1716 1169 cum

894 1187 1109 1243 superficie,
1120 1190 1160 1230 id
1174 1189 1240 1236 est,
1256 1203 1344 1230 cum
1356 1188 1616 1240 descriptione
1630 1199 1721 1226 mu-

897 1247 929 1286 ri
946 1274 960 1295 ‚
973 1260 1042 1287 arae
1057 1276 1071 1297 ‚
1089 1248 1262 1288 nemoris
1274 1275 1289 1296 ‚
1315 1248 1388 1287 &c.
1420 1257 1462 1286 ut
1475 1245 1547 1285 hoc
1558 1243 1718 1297 exponit

901 1306 996 1344 Scal.
1012 1318 1045 1344 c.
1062 1319 1099 1359 3.
1116 1308 1224 1345 Poet.
1236 1305 1262 1344 1.
1280 1320 1312 1352 5.
1345 1303 1550 1364 Emmeticffl

955 1364 1164 1416 Laetissimus
1177 1364 1269 1402 »1me
1279 1362 1343 1414 ae.]
1375 1367 1455 1400 Aut
1468 1360 1647 1412 leptimus
1658 1369 1721 1396 ca-

901 1417 959 1459 sus
971 1418 1023 1459 est
1039 1436 1049 1461 z
1076 1433 1159 1468 aut,
1171 1416 1377 1459 secundum
1390 1416 1562 1457 Probum
1578 1445 1590 1462 ‚
1609 1415 1723 1469 geni-

898 1477 1000 1516 tivus
1018 1495 1027 1524 3
1053 1490 1094 1518 ut
1106 1476 1151 1517 fit
1162 1477 1351 1528 taetz‘ssimus
1363 1478 1490 1517 umhrae
1507 1492 1519 1513 .-
1549 1472 1640 1512 fient
1654 1477 1720 1512 Sa-

99 1538 250 1593 Fastigia
266 1540 447 1589 ffispicit]
478 1539 726 1577 summitates
738 1539 854 1576 mira-

40 1605 112 1634 tur.
149 1591 615 1649 Atqueeverbosbffiicit,
643 1596 853 1647 colligitur,

43 1656 206 1693 AEneam
230 1654 309 1703 jam
332 1653 432 1692 colle
456 1650 696 1692 descendisse.
740 1654 854 1694 Ταμύ-

42 1725 165 1748 mann·

101 1778 195 1820 439.
225 1765 542 1816 Mirabilediflu]
573 1764 638 1804 Ob
652 1766 737 1810 hoc,
753 1764 858 1818 quod

41 1819 208 1876 sequitur
221 1849 236 1871 ‚
265 1823 505 1878 quia‘mixtus
527 1825 675 1862 cunstis
698 1823 855 1862 larebat.

898 1533 1056 1581 lustiuS,
1100 1541 1252 1591 Frugum
1282 1536 1468 1590 pabulique
1493 1534 1591 1571 laetus
1617 1545 1712 1586 ager.

900 1596 1172 1701 serillietiss'imus
1186 1647 1358 1697 umbrae]
1406 1644 1579 1696 Particip.
1613 1639 1724 1695 passi-

907 1716 1010 1751 vum,
1027 1704 1148 1752 idest,
1163 1702 1459 1746 amoeniffimus.
1489 1700 1636 1740 Probus
1651 1728 1664 1747 ‚
1681 1701 1723 1740 &

908 1764 945 1801 P.
967 1760 1130 1802 Sabinus
1142 1763 1165 1801 l.
1183 1763 1323 1803 umbm'.
1341 1762 1396 1801 ita
1409 1757 1555 1800 Sallust.
1572 1764 1726 1813 Frugum

901 1822 1088 1873 pabulique
1105 1824 1201 1860 laetus
1226 1836 1320 1875 agi-r.
1356 1819 1469 1860 Silius
1489 1815 1560 1856 lib.
1581 1828 1614 1855 1.
1642 1817 1729 1854 vitae

44 1879 168 1932 potest
191 1891 324 1918 tamen
351 1882 392 1919 &
419 1879 491 1919 hoc
503 1878 740 1933 superiori&
755 1878 856 1920 infe-
904 1876 1102 1916 laudandus
1116 1892 1238 1932 opacae.
1271 1881 1318 1916 Et
1331 1876 1406 1916 haec
1419 1874 1472 1916 est
1482 1874 1558 1914 luci
1571 1871 1726 1927 proptia

41 1937 135 1976 riori
148 1934 254 1976 sensu
268 1937 370 1976 addi.
403 1941 561 1978 Servius.

100 2007 194 2044 440.
225 2000 293 2033 Per
315 1994 483 2047 median]
512 1995 647 2049 Figura
659 1993 740 2036 est:
764 2007 855 2034 nam

904 1934 1214 1974 commendatio.
1246 1936 1393 1974 Taubm.

963 2005 1058 2042 442.
1091 1993 1368 2049 Qoprimum]
1383 1993 1468 2030 Hoc
1480 1985 1547 2035 est,
1561 1984 1672 2026 simul
1685 1997 1729 2024 ac

39 2050 196 2103 plenum
209 2049 353 2098 fuerat,
381 2052 509 2091 mediis
521 2056 701 2104 fivinfert.
729 2051 851 2092 Idem.
907 2059 1110 2089 venerunt.
1143 2062 1213 2088 nec
1236 2049 1346 2089 enim
1372 2045 1540 2087 secundo
1554 2044 1602 2084 nd
1616 2041 1729 2083 Afri-

101 2110 332 2162 Miftetque.]
359 2108 532 2161 Deestfi’.
563 2110 684 2150 Idem.

905 2117 990 2145 cam
1005 2118 1166 2146 ventum
1178 2104 1242 2146 est.
1276 2106 1338 2146 vel
1350 2105 1450 2146 ordo
1464 2104 1531 2150 est,
1555 2114 1632 2158 quo
1645 2100 1726 2155 pri-

102 2171 170 2203 Per
182 2165 330 2211 medios,
344 2168 531 2221 miscetque
540 2168 670 2219 viris]
689 2171 784 2206 Sunt
794 2166 860 2221 qui
909 2176 1018 2203 mum
1029 2165 1134 2203 loco·
1167 2165 1330 2204 Servius-

43 2220 173 2273 legant
187 2223 299 2260 unico
315 2221 493 2262 membro
509 2252 521 2269 ‚
548 2232 616 2264 Per
628 2225 759 2264 medios
771 2227 853 2275 mis:

967 2226 1048 2276 Qu
1066 2221 1257 2275 primum]
1287 2224 1343 2260 Ut
1368 2217 1477 2273 supra
1500 2229 1566 2270 per
1580 2227 1730 2270 cygnos

44 2289 162 2331 cetque
177 2281 283 2326 vim>
296 2291 375 2332 quae
386 2289 516 2319 tamen
528 2281 672 2328 leetio,
702 2277 860 2333 neque}
908 2276 1170 2317 demonstrata
1198 2277 1324 2317 fuerat
1347 2278 1531 2322 felicitas,
1562 2272 1609 2313 fic
1625 2285 1730 2312 nunc

45 2333 236 2374 veteribus
250 2362 262 2380 ‚
288 2349 410 2389 neque
433 2334 455 2376 Ξι
479 2337 697 2384 iunioribus
711 2367 723 2385 ,
752 2339 856 2392 quod
909 2332 1132 2386 psst'PoenOS
1148 2337 1239 2389 ‚qui
1254 2334 1478 2388 tempestate
1491 2332 1614 2372 vexati
1629 2359 1639 2376 2
1658 2329 1730 2368 huc

48 2387 163 2429 sciam
181 2420 195 2439 ‚
210 2403 368 2444 recepta.
400 2395 551 2432 Pierius.

908 2392 1126 2431 incolumes
1151 2401 1341 2432 venerunt
1365 2420 1378 2437 ‚
1412 2393 1451 2430 ὃς
1474 2389 1731 2429 fundamenta

103 2454 227 2502 Neque
239 2453 390 2488 cernitur
400 2449 501 2501 ulli.]
530 2449 574 2489 Id
587 2449 654 2497 est,
676 2463 798 2504 neque
815 2451 863 2491 ab
907 2446 1104 2488 fodientes
1117 2477 1129 2495 ‚
1151 2460 1265 2501 caput
1278 2449 1364 2503 equi
1379 2461 1465 2487 cum
1481 2442 1730 2491 invenifl'ent³

45 2505 129 2544 ullo
141 2507 321 2546 cernitur.
335 2511 388 2546 Ut
402 2505 454 2546 est
472 2511 643 2546 Graecurn
658 2507 759 2546 Meli
775 2508 864 2562 ὁρεό-

48 2561 172 2611 μὶζωςῇυ
189 2590 200 2607 ,
226 2574 268 2602 ut
281 2564 331 2601 est
347 2563 440 2602 illud
455 2592 466 2609 ‚
484 2564 649 2604 Scriberis·
662 2568 787 2604 Vario.
824 2566 862 2605 id

48 2617 116 2665 est,
131 2617 266 2659 scribet
280 2634 317 2658 te
329 2621 473 2660 Varius.
509 2624 666 2660 Servius.

113 2690 204 2727 44t.
241 2678 385 2725 lucu]
429 2677 658 2732 Ubicunque
685 2677 865 2729 Virgilius

50 2733 178 2772 lucum
193 2735 307 2786 ponit
321 2762 331 2779 ,
362 2731 530 2787 sequitur
544 2736 661 2774 etiam
675 2734 864 2775 consecta—

51 2789 112 2827 tio
128 2804 139 2835 3
172 2803 213 2830 ut
226 2819 241 2838 ‚
266 2797 347 2831 Luco
358 2795 702 2847 tumforteparentio·
715 2796 870 2832 Pilumni

57 2853 196 2886 Turnus
213 2851 359 2900 fizcrata
381 2849 479 2889 valle
494 2850 655 2902 fidebaet.
698 2850 814 2889 Unde
827 2850 867 2888 in

56 2900 175 2950 sexto,
189 2903 291 2945 Nulli
301 2917 398 2945 certa
411 2906 530 2946 domus
546 2926 556 2946 :
571 2911 657 2947 lucis
670 2908 872 2947 habitamus

58 2967 186 3009 opacis.
235 2962 422 3002 Dicuntur
436 2966 542 3003 enim
558 2964 872 3003 heroum'animae

59 3018 166 3056 lucos
179 3029 320 3059 tenere.
352 3021 392 3060 &
405 3034 496 3060 mox
507 3020 687 3076 sequitur,
704 3025 773 3062 Hic
783 3033 867 3061 tem-

53 3078 150 3128 plum
166 3076 451 3132 Junoniingem.
497 3085 601 3119 Lucus
623 3092 755 3119 autern
781 3079 874 3118 dici-

59 3141 120 3171 tur
135 3160 146 3179 ‚
164 3131 276 3188 >quod
304 3145 385 3176 non
404 3135 552 3177 luceat:
584 3150 665 3178 non
688 3137 791 3193 quod
802 3135 875 3178 fint

887 2497 892 2551 l
911 2503 1057 2557 signum
1073 2504 1291 2545 habuerunt
1303 2534 1314 2551 ,
1330 2505 1434 2559 quod
1448 2504 1488 2543 in
1502 2503 1650 2542 bellicis
1662 2514 1730 2540 co-

912 2563 985 2615 piis
998 2561 1117 2601 effent
1134 2561 1251 2601 futuri
1263 2562 1416 2616 copiosi.
1449 2568 1627 2601 Donatus.

966 2632 1042 2671 443
1063 2650 1068 2658 .
1094 2619 1249 2672 Effodere
1274 2623 1338 2660 [ιι-9
1358 2618 1533 2675 signum]
1562 2615 1731 2656 Historia

917 2674 988 2715 hoc
1003 2675 1119 2716 habet
1134 2704 1148 2723 ,
1178 2690 1295 2731 quam
1321 2689 1433 2716 more
1457 2675 1524 2715 suo
1551 2672 1736 2728 Virgilius

913 2747 979 2785 per
992 2733 1192 2773 transitum
1207 2734 1268 2773 hie
1280 2735 1418 2787 tangit.
1448 2732 1558 2773 Dido
1571 2731 1730 2771 fratrem

915 2790 1082 2844 fugiens,
1096 2805 1182 2830 cum
1198 2791 1369 2831 transiret
1383 2804 1449 2844 per
1458 2805 1530 2845 qua
1539 2790 1653 2829 ndam
1665 2789 1732 2827 in-

918 2845 1036 2888 sulam
1051 2850 1219 2905 Junonis
1235 2877 1249 2896 ,
1273 2851 1417 2902 accepit
1431 2849 1625 2888 oraculum
1645 2876 1658 2895 ‚
1689 2846 1732 2884 ὅ(

919 2903 1154 2946 sacerdotem
1168 2909 1249 2955 ejus
1262 2904 1384 2946 secum
1398 2905 1553 2946 abstulit
1573 2918 1679 2944 :cum
1696 2902 1734 2941 ei

919 2976 1050 3015 patum
1076 2964 1245 3004 crederet
1268 2960 1739 3016 promittentiCartlmgi-

922 3021 980 3060 nis
994 3019 1099 3060 sedes
1117 3036 1126 3061 ε
1157 3034 1234 3075 quo
1246 3035 1334 3062 curn
1348 3018 1548 3066 venissent,
1566 3016 1740 3058 sacerdos

921 3079 1035 3133 elegit
1050 3081 1178 3118 locum
1189 3077 1371 3118 faciendae
1384 3077 1489 3119 urbis
1505 3097 1516 3126 ·,
1528 3090 1605 3133 quo
1618 3072 1739 3116 effos-

923 3133 964 3176 so
978 3164 991 3185 ,
1021 3137 1227 3178 inventum
1253 3135 1308 3179 est
1333 3147 1443 3190 caput
1466 3135 1580 3178 bovis
1591 3163 1604 3184 ‚
1633 3131 1742 3190 quod

1295 3195 1342 3235 M
1378 3209 1407 3247 4
1657 3203 1749 3231 cum
