<?xml version="1.0" encoding="UTF-8"?>
<!DOCTYPE html PUBLIC "-//W3C//DTD XHTML 1.0 Transitional//EN"
    "http://www.w3.org/TR/xhtml1/DTD/xhtml1-transitional.dtd">
<html xmlns="http://www.w3.org/1999/xhtml" xml:lang="en" lang="en">
 <head>
  <title>
</title>
<meta http-equiv="Content-Type" content="text/html;charset=utf-8" />
  <meta name='ocr-system' content='tesseract 3.04.00' />
  <meta name='ocr-capabilities' content='ocr_page ocr_carea ocr_par ocr_line ocrx_word'/>
</head>
<body>
  <div class='ocr_page' id='page_1' title='image "./pvirgiliimaronis02virg_0039.png"; bbox 0 0 2037 3787; ppageno 0'>
   <div class='ocr_carea' id='block_1_1' title="bbox 373 149 996 209">
    <p class='ocr_par' dir='ltr' id='par_1_1' title="bbox 373 149 996 209">
     <span class='ocr_line' id='line_1_1' title="bbox 373 149 996 209; baseline -0.005 -3"><span class='ocrx_word' id='word_1_1' title='bbox 373 149 996 209; x_wconf 65' lang='lat' dir='ltr'>.&#39;AENE11&gt;os</span> 
     </span>
    </p>
   </div>
   <div class='ocr_carea' id='block_1_2' title="bbox 1083 149 1755 229">
    <p class='ocr_par' dir='ltr' id='par_1_2' title="bbox 1083 149 1755 229">
     <span class='ocr_line' id='line_1_2' title="bbox 1083 149 1755 229; baseline 0.007 -25"><span class='ocrx_word' id='word_1_2' title='bbox 1083 149 1343 208; x_wconf 76' lang='lat' dir='ltr'>L113.I.</span> <span class='ocrx_word' id='word_1_3' title='bbox 1686 168 1755 229; x_wconf 86' lang='lat'>31</span> 
     </span>
    </p>
   </div>
   <div class='ocr_carea' id='block_1_3' title="bbox 116 247 1507 414">
    <p class='ocr_par' dir='ltr' id='par_1_3' title="bbox 116 247 1507 414">
     <span class='ocr_line' id='line_1_3' title="bbox 191 247 1320 329; baseline -0.006 -16"><span class='ocrx_word' id='word_1_4' title='bbox 191 254 302 314; x_wconf 86' lang='lat' dir='ltr'>Vix</span> <span class='ocrx_word' id='word_1_5' title='bbox 320 253 348 310; x_wconf 82' lang='grc' dir='ltr'>ὲ</span> <span class='ocrx_word' id='word_1_6' title='bbox 368 247 651 329; x_wconf 61' lang='lat' dir='ltr'>conspectu</span> <span class='ocrx_word' id='word_1_7' title='bbox 681 251 861 307; x_wconf 88' lang='lat' dir='ltr'>Siculae</span> <span class='ocrx_word' id='word_1_8' title='bbox 878 249 1073 307; x_wconf 82' lang='lat' dir='ltr'>telluris</span> <span class='ocrx_word' id='word_1_9' title='bbox 1089 250 1141 307; x_wconf 89' lang='lat' dir='ltr'>in</span> <span class='ocrx_word' id='word_1_10' title='bbox 1160 251 1320 307; x_wconf 84' lang='lat' dir='ltr'>altum</span> 
     </span>
     <span class='ocr_line' id='line_1_4' title="bbox 116 330 1507 414; baseline -0.009 -15"><span class='ocrx_word' id='word_1_11' title='bbox 116 356 142 414; x_wconf 76' lang='lat'>3</span> <span class='ocrx_word' id='word_1_12' title='bbox 157 358 179 414; x_wconf 82' lang='lat'>5</span> <span class='ocrx_word' id='word_1_13' title='bbox 205 336 341 397; x_wconf 87' lang='lat' dir='ltr'>Vela</span> <span class='ocrx_word' id='word_1_14' title='bbox 357 334 547 393; x_wconf 86' lang='lat' dir='ltr'>dabant</span> <span class='ocrx_word' id='word_1_15' title='bbox 562 334 667 392; x_wconf 84' lang='lat' dir='ltr'>laeti</span> <span class='ocrx_word' id='word_1_16' title='bbox 682 371 698 400; x_wconf 85' lang='lat'>‚</span> <span class='ocrx_word' id='word_1_17' title='bbox 719 339 774 392; x_wconf 88' lang='lat'>&amp;</span> <span class='ocrx_word' id='word_1_18' title='bbox 791 330 937 412; x_wconf 84' lang='lat' dir='ltr'>spum</span> <span class='ocrx_word' id='word_1_19' title='bbox 945 353 996 388; x_wconf 85' lang='lat' dir='ltr'>as</span> <span class='ocrx_word' id='word_1_20' title='bbox 1012 331 1124 391; x_wconf 84' lang='lat' dir='ltr'>salis</span> <span class='ocrx_word' id='word_1_21' title='bbox 1142 353 1240 391; x_wconf 83' lang='lat' dir='ltr'>aere</span> <span class='ocrx_word' id='word_1_22' title='bbox 1256 330 1472 390; x_wconf 80' lang='lat' dir='ltr'>ruebant</span> <span class='ocrx_word' id='word_1_23' title='bbox 1488 369 1507 397; x_wconf 88' lang='lat'><strong><em>,</em></strong></span> 
     </span>
    </p>
   </div>
   <div class='ocr_carea' id='block_1_4' title="bbox 14 500 899 3196">
    <p class='ocr_par' dir='ltr' id='par_1_4' title="bbox 33 500 890 1056">
     <span class='ocr_line' id='line_1_5' title="bbox 185 500 660 557; baseline -0.004 -15"><span class='ocrx_word' id='word_1_24' title='bbox 185 505 353 542; x_wconf 72' lang='lat' dir='ltr'>Romanae</span> <span class='ocrx_word' id='word_1_25' title='bbox 370 500 524 557; x_wconf 77' lang='lat' dir='ltr'>pondera</span> <span class='ocrx_word' id='word_1_26' title='bbox 548 503 660 541; x_wconf 85' lang='lat' dir='ltr'>molis.</span> 
     </span>
     <span class='ocr_line' id='line_1_6' title="bbox 75 557 363 599; baseline -0.007 0"><span class='ocrx_word' id='word_1_27' title='bbox 75 557 216 599; x_wconf 83' lang='lat' dir='ltr'>Cerda.</span> <span class='ocrx_word' id='word_1_28' title='bbox 360 564 363 565; x_wconf 70' lang='grc'>’</span> 
     </span>
     <span class='ocr_line' id='line_1_7' title="bbox 130 612 884 667; baseline -0.004 -12"><span class='ocrx_word' id='word_1_29' title='bbox 130 623 250 655; x_wconf 74' lang='lat' dir='ltr'>Tanta:</span> <span class='ocrx_word' id='word_1_30' title='bbox 262 618 358 656; x_wconf 87' lang='lat' dir='ltr'>molis</span> <span class='ocrx_word' id='word_1_31' title='bbox 371 626 449 655; x_wconf 81' lang='lat' dir='ltr'>erat</span> <span class='ocrx_word' id='word_1_32' title='bbox 463 643 474 662; x_wconf 88' lang='lat'>‚</span> <span class='ocrx_word' id='word_1_33' title='bbox 489 613 600 666; x_wconf 57' lang='grc' dir='ltr'>ξφα]</span> <span class='ocrx_word' id='word_1_34' title='bbox 616 612 884 667; x_wconf 80' lang='lat' dir='ltr'>Epiphonerna</span> 
     </span>
     <span class='ocr_line' id='line_1_8' title="bbox 33 670 883 726; baseline -0.001 -15"><span class='ocrx_word' id='word_1_35' title='bbox 33 699 35 701; x_wconf 82' lang='lat'>·</span> <span class='ocrx_word' id='word_1_36' title='bbox 67 671 249 712; x_wconf 90' lang='lat' dir='ltr'>constans</span> <span class='ocrx_word' id='word_1_37' title='bbox 281 671 508 726; x_wconf 84' lang='lat' dir='ltr'>ecphonefi,</span> <span class='ocrx_word' id='word_1_38' title='bbox 533 672 576 711; x_wconf 89' lang='lat' dir='ltr'>in</span> <span class='ocrx_word' id='word_1_39' title='bbox 612 670 883 711; x_wconf 84' lang='lat' dir='ltr'>difficultatem</span> 
     </span>
     <span class='ocr_line' id='line_1_9' title="bbox 70 728 882 783; baseline -0.002 -15"><span class='ocrx_word' id='word_1_40' title='bbox 70 729 265 770; x_wconf 85' lang='lat' dir='ltr'>condendi</span> <span class='ocrx_word' id='word_1_41' title='bbox 296 728 508 783; x_wconf 80' lang='lat' dir='ltr'>primordia</span> <span class='ocrx_word' id='word_1_42' title='bbox 535 730 668 782; x_wconf 83' lang='lat' dir='ltr'>populi</span> <span class='ocrx_word' id='word_1_43' title='bbox 696 728 882 769; x_wconf 82' lang='lat' dir='ltr'>Romani.</span> 
     </span>
     <span class='ocr_line' id='line_1_10' title="bbox 69 785 881 840; baseline -0.005 -13"><span class='ocrx_word' id='word_1_44' title='bbox 69 786 166 827; x_wconf 87' lang='lat' dir='ltr'>Vide</span> <span class='ocrx_word' id='word_1_45' title='bbox 190 786 311 827; x_wconf 86' lang='lat' dir='ltr'>etiam</span> <span class='ocrx_word' id='word_1_46' title='bbox 335 788 429 827; x_wconf 87' lang='lat' dir='ltr'>Cael.</span> <span class='ocrx_word' id='word_1_47' title='bbox 459 785 631 840; x_wconf 82' lang='lat' dir='ltr'>Rhodig.</span> <span class='ocrx_word' id='word_1_48' title='bbox 671 788 697 826; x_wconf 91' lang='lat'>1.</span> <span class='ocrx_word' id='word_1_49' title='bbox 713 799 778 837; x_wconf 82' lang='lat'>23.</span> <span class='ocrx_word' id='word_1_50' title='bbox 795 798 828 824; x_wconf 88' lang='lat' dir='ltr'>c.</span> <span class='ocrx_word' id='word_1_51' title='bbox 844 797 881 833; x_wconf 92' lang='lat'>7.</span> 
     </span>
     <span class='ocr_line' id='line_1_11' title="bbox 75 840 884 900; baseline 0 -19"><span class='ocrx_word' id='word_1_52' title='bbox 75 847 165 900; x_wconf 85' lang='lat' dir='ltr'>Jam</span> <span class='ocrx_word' id='word_1_53' title='bbox 195 845 329 898; x_wconf 78' lang='lat' dir='ltr'>scalig.</span> <span class='ocrx_word' id='word_1_54' title='bbox 356 845 438 897; x_wconf 83' lang='lat' dir='ltr'>l.3,</span> <span class='ocrx_word' id='word_1_55' title='bbox 455 846 522 885; x_wconf 79' lang='lat'>26.</span> <span class='ocrx_word' id='word_1_56' title='bbox 554 855 669 883; x_wconf 85' lang='lat' dir='ltr'>notat</span> <span class='ocrx_word' id='word_1_57' title='bbox 691 840 884 893; x_wconf 79' lang='lat' dir='ltr'>ejusmodi</span> 
     </span>
     <span class='ocr_line' id='line_1_12' title="bbox 74 899 884 955; baseline -0.001 -16"><span class='ocrx_word' id='word_1_58' title='bbox 74 899 408 953; x_wconf 85' lang='lat' dir='ltr'>Epiphonemata‚</span> <span class='ocrx_word' id='word_1_59' title='bbox 439 913 503 941; x_wconf 71' lang='lat' dir='ltr'>aut</span> <span class='ocrx_word' id='word_1_60' title='bbox 539 899 884 955; x_wconf 81' lang='lat' dir='ltr'>Prosphonemata‚</span> 
     </span>
     <span class='ocr_line' id='line_1_13' title="bbox 73 957 890 1013; baseline 0 -16"><span class='ocrx_word' id='word_1_61' title='bbox 73 958 283 998; x_wconf 78' lang='lat' dir='ltr'>maximam</span> <span class='ocrx_word' id='word_1_62' title='bbox 295 972 366 1013; x_wconf 85' lang='lat' dir='ltr'>ptae</span> <span class='ocrx_word' id='word_1_63' title='bbox 378 957 415 999; x_wconf 89' lang='lat' dir='ltr'>se</span> <span class='ocrx_word' id='word_1_64' title='bbox 425 958 525 999; x_wconf 86' lang='lat' dir='ltr'>ferre</span> <span class='ocrx_word' id='word_1_65' title='bbox 536 957 759 999; x_wconf 79' lang='lat' dir='ltr'>efficaciam.</span> <span class='ocrx_word' id='word_1_66' title='bbox 775 957 890 1000; x_wconf 69' lang='lat' dir='ltr'>Taula-</span> 
     </span>
     <span class='ocr_line' id='line_1_14' title="bbox 76 1031 236 1056; baseline 0 0"><span class='ocrx_word' id='word_1_67' title='bbox 76 1031 236 1056; x_wconf 75' lang='lat' dir='ltr'>mannus·</span> 
     </span>
    </p>

    <p class='ocr_par' dir='ltr' id='par_1_5' title="bbox 71 1072 892 1285">
     <span class='ocr_line' id='line_1_15' title="bbox 130 1072 892 1129; baseline -0.005 -16"><span class='ocrx_word' id='word_1_68' title='bbox 130 1077 324 1125; x_wconf 66' lang='lat' dir='ltr'>Romanam</span> <span class='ocrx_word' id='word_1_69' title='bbox 345 1072 484 1113; x_wconf 60' lang='lat' dir='ltr'>condere</span> <span class='ocrx_word' id='word_1_70' title='bbox 499 1072 677 1129; x_wconf 72' lang='lat' dir='ltr'>gentem]</span> <span class='ocrx_word' id='word_1_71' title='bbox 708 1076 892 1111; x_wconf 82' lang='lat' dir='ltr'>Latenter</span> 
     </span>
     <span class='ocr_line' id='line_1_16' title="bbox 71 1127 886 1171; baseline -0.002 -3"><span class='ocrx_word' id='word_1_72' title='bbox 71 1127 243 1169; x_wconf 87' lang='lat' dir='ltr'>ostendit</span> <span class='ocrx_word' id='word_1_73' title='bbox 267 1129 360 1169; x_wconf 85' lang='lat' dir='ltr'>hinc</span> <span class='ocrx_word' id='word_1_74' title='bbox 384 1130 519 1171; x_wconf 89' lang='lat' dir='ltr'>odium</span> <span class='ocrx_word' id='word_1_75' title='bbox 533 1129 699 1171; x_wconf 88' lang='lat' dir='ltr'>Iunonis</span> <span class='ocrx_word' id='word_1_76' title='bbox 713 1135 886 1171; x_wconf 73' lang='lat' dir='ltr'>AEneam</span> 
     </span>
     <span class='ocr_line' id='line_1_17' title="bbox 71 1183 889 1242; baseline -0.004 -14"><span class='ocrx_word' id='word_1_77' title='bbox 71 1183 287 1239; x_wconf 72' lang='lat' dir='ltr'>pertulisse,</span> <span class='ocrx_word' id='word_1_78' title='bbox 320 1187 423 1242; x_wconf 78' lang='lat' dir='ltr'>quod</span> <span class='ocrx_word' id='word_1_79' title='bbox 451 1191 640 1227; x_wconf 80' lang='lat' dir='ltr'>Romanae</span> <span class='ocrx_word' id='word_1_80' title='bbox 664 1187 793 1241; x_wconf 86' lang='lat' dir='ltr'>gentis</span> <span class='ocrx_word' id='word_1_81' title='bbox 821 1198 889 1226; x_wconf 89' lang='lat' dir='ltr'>au-</span> 
     </span>
     <span class='ocr_line' id='line_1_18' title="bbox 72 1242 545 1285; baseline 0 -1"><span class='ocrx_word' id='word_1_82' title='bbox 72 1244 156 1284; x_wconf 67' lang='lat' dir='ltr'>stor</span> <span class='ocrx_word' id='word_1_83' title='bbox 170 1242 367 1284; x_wconf 83' lang='lat' dir='ltr'>existebat.</span> <span class='ocrx_word' id='word_1_84' title='bbox 393 1243 545 1285; x_wconf 76' lang='lat' dir='ltr'>Servius.</span> 
     </span>
    </p>

    <p class='ocr_par' dir='ltr' id='par_1_6' title="bbox 70 1299 889 1412">
     <span class='ocr_line' id='line_1_19' title="bbox 131 1299 889 1355; baseline 0.001 -15"><span class='ocrx_word' id='word_1_85' title='bbox 131 1312 196 1353; x_wconf 83' lang='lat'>34.</span> <span class='ocrx_word' id='word_1_86' title='bbox 229 1301 345 1353; x_wconf 83' lang='lat' dir='ltr'>Vix.]</span> <span class='ocrx_word' id='word_1_87' title='bbox 374 1305 459 1341; x_wconf 90' lang='lat' dir='ltr'>Hoc</span> <span class='ocrx_word' id='word_1_88' title='bbox 480 1302 569 1341; x_wconf 91' lang='lat' dir='ltr'>loco</span> <span class='ocrx_word' id='word_1_89' title='bbox 592 1317 677 1342; x_wconf 74' lang='lat' dir='ltr'>mox</span> <span class='ocrx_word' id='word_1_90' title='bbox 704 1302 744 1341; x_wconf 84' lang='lat'>&amp;</span> <span class='ocrx_word' id='word_1_91' title='bbox 761 1299 889 1355; x_wconf 71' lang='lat' dir='ltr'>statim</span> 
     </span>
     <span class='ocr_line' id='line_1_20' title="bbox 70 1354 413 1412; baseline 0.003 -16"><span class='ocrx_word' id='word_1_92' title='bbox 70 1354 266 1412; x_wconf 79' lang='lat' dir='ltr'>fignificat.</span> <span class='ocrx_word' id='word_1_93' title='bbox 297 1358 413 1398; x_wconf 85' lang='lat' dir='ltr'><em>Idem.</em></span> 
     </span>
    </p>

    <p class='ocr_par' dir='ltr' id='par_1_7' title="bbox 75 1412 896 1640">
     <span class='ocr_line' id='line_1_21' title="bbox 130 1412 891 1469; baseline -0.003 -14"><span class='ocrx_word' id='word_1_94' title='bbox 130 1420 159 1455; x_wconf 84' lang='lat' dir='ltr'><em>E</em></span> <span class='ocrx_word' id='word_1_95' title='bbox 172 1415 385 1469; x_wconf 66' lang='lat' dir='ltr'>conspeHu]</span> <span class='ocrx_word' id='word_1_96' title='bbox 402 1421 457 1457; x_wconf 88' lang='lat' dir='ltr'>Ut</span> <span class='ocrx_word' id='word_1_97' title='bbox 469 1415 589 1457; x_wconf 77' lang='lat' dir='ltr'>adhuc</span> <span class='ocrx_word' id='word_1_98' title='bbox 601 1415 648 1456; x_wconf 84' lang='lat' dir='ltr'>de</span> <span class='ocrx_word' id='word_1_99' title='bbox 664 1415 788 1456; x_wconf 75' lang='lat' dir='ltr'>Sicilia</span> <span class='ocrx_word' id='word_1_100' title='bbox 803 1412 891 1468; x_wconf 79' lang='lat' dir='ltr'>pos-</span> 
     </span>
     <span class='ocr_line' id='line_1_22' title="bbox 76 1469 896 1513; baseline 0.001 -2"><span class='ocrx_word' id='word_1_101' title='bbox 76 1469 150 1511; x_wconf 82' lang='lat' dir='ltr'>fint</span> <span class='ocrx_word' id='word_1_102' title='bbox 161 1473 295 1512; x_wconf 87' lang='lat' dir='ltr'>videri.</span> <span class='ocrx_word' id='word_1_103' title='bbox 325 1473 366 1512; x_wconf 84' lang='lat'>&amp;</span> <span class='ocrx_word' id='word_1_104' title='bbox 379 1483 421 1512; x_wconf 89' lang='lat' dir='ltr'>ut</span> <span class='ocrx_word' id='word_1_105' title='bbox 432 1476 626 1513; x_wconf 71' lang='lat' dir='ltr'>Homerus</span> <span class='ocrx_word' id='word_1_106' title='bbox 638 1472 769 1512; x_wconf 77' lang='lat' dir='ltr'>omifit</span> <span class='ocrx_word' id='word_1_107' title='bbox 782 1473 896 1512; x_wconf 83' lang='lat' dir='ltr'>initia</span> 
     </span>
     <span class='ocr_line' id='line_1_23' title="bbox 78 1526 893 1579; baseline 0.004 -12"><span class='ocrx_word' id='word_1_108' title='bbox 78 1526 173 1569; x_wconf 88' lang='lat' dir='ltr'>belli</span> <span class='ocrx_word' id='word_1_109' title='bbox 184 1529 349 1579; x_wconf 78' lang='lat' dir='ltr'>Troiani</span> <span class='ocrx_word' id='word_1_110' title='bbox 363 1557 374 1576; x_wconf 90' lang='lat'><strong>,</strong></span> <span class='ocrx_word' id='word_1_111' title='bbox 393 1529 442 1570; x_wconf 88' lang='lat' dir='ltr'>fic</span> <span class='ocrx_word' id='word_1_112' title='bbox 455 1530 516 1570; x_wconf 89' lang='lat' dir='ltr'>hic</span> <span class='ocrx_word' id='word_1_113' title='bbox 534 1544 618 1572; x_wconf 88' lang='lat' dir='ltr'>non</span> <span class='ocrx_word' id='word_1_114' title='bbox 631 1530 680 1571; x_wconf 85' lang='lat' dir='ltr'>ab</span> <span class='ocrx_word' id='word_1_115' title='bbox 693 1531 812 1571; x_wconf 85' lang='lat' dir='ltr'>initio</span> <span class='ocrx_word' id='word_1_116' title='bbox 824 1543 893 1571; x_wconf 79' lang='lat' dir='ltr'>cae-</span> 
     </span>
     <span class='ocr_line' id='line_1_24' title="bbox 75 1585 449 1640; baseline 0.005 -15"><span class='ocrx_word' id='word_1_117' title='bbox 75 1585 135 1640; x_wconf 85' lang='lat' dir='ltr'>pit</span> <span class='ocrx_word' id='word_1_118' title='bbox 146 1588 301 1628; x_wconf 85' lang='lat' dir='ltr'>erroris.</span> <span class='ocrx_word' id='word_1_119' title='bbox 331 1587 449 1627; x_wconf 85' lang='lat' dir='ltr'><em>Idem.</em></span> 
     </span>
    </p>

    <p class='ocr_par' dir='ltr' id='par_1_8' title="bbox 75 1640 892 1801">
     <span class='ocr_line' id='line_1_25' title="bbox 135 1640 892 1701; baseline -0.005 -14"><span class='ocrx_word' id='word_1_120' title='bbox 135 1647 215 1687; x_wconf 78' lang='lat' dir='ltr'>Vix</span> <span class='ocrx_word' id='word_1_121' title='bbox 234 1647 253 1685; x_wconf 75' lang='grc' dir='ltr'><em>ὲ</em></span> <span class='ocrx_word' id='word_1_122' title='bbox 273 1645 462 1701; x_wconf 60' lang='grc' dir='ltr'>εοηῇιεέὶιι.</span> <span class='ocrx_word' id='word_1_123' title='bbox 481 1644 500 1697; x_wconf 96' lang='grc'>]</span> <span class='ocrx_word' id='word_1_124' title='bbox 528 1648 566 1685; x_wconf 84' lang='grc' dir='ltr'><strong>Α</strong></span> <span class='ocrx_word' id='word_1_125' title='bbox 592 1640 760 1698; x_wconf 82' lang='lat' dir='ltr'>septimo</span> <span class='ocrx_word' id='word_1_126' title='bbox 784 1657 892 1684; x_wconf 87' lang='lat' dir='ltr'>anno</span> 
     </span>
     <span class='ocr_line' id='line_1_26' title="bbox 75 1699 892 1756; baseline 0.002 -16"><span class='ocrx_word' id='word_1_127' title='bbox 75 1700 214 1756; x_wconf 84' lang='lat' dir='ltr'><strong>incipit</strong></span> <span class='ocrx_word' id='word_1_128' title='bbox 238 1703 531 1743; x_wconf 81' lang='lat' dir='ltr'>narrationem:</span> <span class='ocrx_word' id='word_1_129' title='bbox 563 1712 605 1743; x_wconf 91' lang='lat' dir='ltr'>ut</span> <span class='ocrx_word' id='word_1_130' title='bbox 629 1703 757 1756; x_wconf 76' lang='lat' dir='ltr'>priora</span> <span class='ocrx_word' id='word_1_131' title='bbox 769 1699 892 1742; x_wconf 88' lang='lat' dir='ltr'>reser-</span> 
     </span>
     <span class='ocr_line' id='line_1_27' title="bbox 75 1759 856 1801; baseline -0.001 -2"><span class='ocrx_word' id='word_1_132' title='bbox 75 1769 140 1799; x_wconf 86' lang='lat' dir='ltr'>vet</span> <span class='ocrx_word' id='word_1_133' title='bbox 150 1759 198 1799; x_wconf 88' lang='lat' dir='ltr'>ad</span> <span class='ocrx_word' id='word_1_134' title='bbox 211 1759 435 1801; x_wconf 85' lang='lat' dir='ltr'>convivium</span> <span class='ocrx_word' id='word_1_135' title='bbox 451 1759 637 1801; x_wconf 83' lang='lat' dir='ltr'>Didonis.</span> <span class='ocrx_word' id='word_1_136' title='bbox 674 1764 856 1800; x_wconf 72' lang='lat' dir='ltr'>Donatus.</span> 
     </span>
    </p>

    <p class='ocr_par' dir='ltr' id='par_1_9' title="bbox 78 1817 890 1929">
     <span class='ocr_line' id='line_1_28' title="bbox 137 1817 890 1873; baseline -0.004 -14"><span class='ocrx_word' id='word_1_137' title='bbox 137 1819 216 1859; x_wconf 82' lang='lat' dir='ltr'>Vix</span> <span class='ocrx_word' id='word_1_138' title='bbox 225 1819 244 1857; x_wconf 70' lang='grc' dir='ltr'>ἒ</span> <span class='ocrx_word' id='word_1_139' title='bbox 255 1817 553 1871; x_wconf 63' lang='grc' dir='ltr'>εοηΙῤεῖιι,(’9τ.]</span> <span class='ocrx_word' id='word_1_140' title='bbox 569 1819 764 1868; x_wconf 81' lang='lat' dir='ltr'>Narratio,</span> <span class='ocrx_word' id='word_1_141' title='bbox 776 1829 890 1873; x_wconf 86' lang='lat' dir='ltr'>quam</span> 
     </span>
     <span class='ocr_line' id='line_1_29' title="bbox 78 1871 890 1929; baseline 0.001 -15"><span class='ocrx_word' id='word_1_142' title='bbox 78 1871 179 1914; x_wconf 84' lang='lat' dir='ltr'>ducit</span> <span class='ocrx_word' id='word_1_143' title='bbox 193 1871 214 1915; x_wconf 70' lang='grc' dir='ltr'>ὲ</span> <span class='ocrx_word' id='word_1_144' title='bbox 226 1874 462 1929; x_wconf 81' lang='lat' dir='ltr'>catastrophe</span> <span class='ocrx_word' id='word_1_145' title='bbox 476 1874 649 1916; x_wconf 86' lang='lat' dir='ltr'>errorum</span> <span class='ocrx_word' id='word_1_146' title='bbox 662 1880 792 1918; x_wconf 71' lang='lat' dir='ltr'>AEneae</span> <span class='ocrx_word' id='word_1_147' title='bbox 808 1889 817 1913; x_wconf 92' lang='lat'>:</span> <span class='ocrx_word' id='word_1_148' title='bbox 830 1875 890 1915; x_wconf 82' lang='lat' dir='ltr'>id-</span> 
     </span>
    </p>

    <p class='ocr_par' dir='ltr' id='par_1_10' title="bbox 52 1934 897 2319">
     <span class='ocr_line' id='line_1_30' title="bbox 52 1934 890 1988; baseline 0 -17"><span class='ocrx_word' id='word_1_149' title='bbox 52 1980 56 1984; x_wconf 28' lang='lat'><strong><em>⁴</em></strong></span> <span class='ocrx_word' id='word_1_150' title='bbox 81 1944 155 1985; x_wconf 90' lang='lat' dir='ltr'>que</span> <span class='ocrx_word' id='word_1_151' title='bbox 167 1938 344 1987; x_wconf 83' lang='lat' dir='ltr'>exemplo</span> <span class='ocrx_word' id='word_1_152' title='bbox 355 1934 545 1981; x_wconf 84' lang='lat' dir='ltr'>Homeri,</span> <span class='ocrx_word' id='word_1_153' title='bbox 571 1934 638 1988; x_wconf 89' lang='lat' dir='ltr'>qui</span> <span class='ocrx_word' id='word_1_154' title='bbox 660 1946 745 1973; x_wconf 85' lang='lat' dir='ltr'>eam</span> <span class='ocrx_word' id='word_1_155' title='bbox 762 1935 890 1987; x_wconf 84' lang='lat' dir='ltr'>legem</span> 
     </span>
     <span class='ocr_line' id='line_1_31' title="bbox 76 1989 891 2046; baseline 0.001 -18"><span class='ocrx_word' id='word_1_156' title='bbox 76 1989 224 2041; x_wconf 84' lang='lat' dir='ltr'>primus</span> <span class='ocrx_word' id='word_1_157' title='bbox 249 1992 379 2031; x_wconf 77' lang='lat' dir='ltr'>Poe&#39;tis</span> <span class='ocrx_word' id='word_1_158' title='bbox 390 1992 505 2032; x_wconf 86' lang='lat' dir='ltr'>tulit:</span> <span class='ocrx_word' id='word_1_159' title='bbox 535 2003 726 2046; x_wconf 88' lang='lat' dir='ltr'>quamque</span> <span class='ocrx_word' id='word_1_160' title='bbox 741 1990 891 2031; x_wconf 84' lang='lat' dir='ltr'>Aristo-</span> 
     </span>
     <span class='ocr_line' id='line_1_32' title="bbox 76 2045 890 2089; baseline 0.002 -4"><span class='ocrx_word' id='word_1_161' title='bbox 76 2046 173 2086; x_wconf 88' lang='lat' dir='ltr'>teles</span> <span class='ocrx_word' id='word_1_162' title='bbox 186 2047 228 2088; x_wconf 89' lang='lat' dir='ltr'>in</span> <span class='ocrx_word' id='word_1_163' title='bbox 242 2050 388 2089; x_wconf 76' lang='lat' dir='ltr'>Poe‘tic.</span> <span class='ocrx_word' id='word_1_164' title='bbox 401 2048 613 2088; x_wconf 86' lang='lat' dir='ltr'>tenendam</span> <span class='ocrx_word' id='word_1_165' title='bbox 626 2045 786 2089; x_wconf 84' lang='lat' dir='ltr'>censuit.</span> <span class='ocrx_word' id='word_1_166' title='bbox 815 2053 890 2088; x_wconf 87' lang='lat' dir='ltr'>At·</span> 
     </span>
     <span class='ocr_line' id='line_1_33' title="bbox 76 2104 897 2156; baseline 0.002 -13"><span class='ocrx_word' id='word_1_167' title='bbox 76 2115 152 2156; x_wconf 86' lang='lat' dir='ltr'>que</span> <span class='ocrx_word' id='word_1_168' title='bbox 190 2104 292 2146; x_wconf 86' lang='lat' dir='ltr'>hanc</span> <span class='ocrx_word' id='word_1_169' title='bbox 343 2107 633 2146; x_wconf 85' lang='lat' dir='ltr'>oeconomiam</span> <span class='ocrx_word' id='word_1_170' title='bbox 684 2107 897 2146; x_wconf 77' lang='lat' dir='ltr'>luculenter</span> 
     </span>
     <span class='ocr_line' id='line_1_34' title="bbox 74 2163 787 2205; baseline 0.003 -5"><span class='ocrx_word' id='word_1_171' title='bbox 74 2163 328 2204; x_wconf 80' lang='lat' dir='ltr'>commendat</span> <span class='ocrx_word' id='word_1_172' title='bbox 338 2165 457 2205; x_wconf 88' lang='lat' dir='ltr'>etiarn</span> <span class='ocrx_word' id='word_1_173' title='bbox 469 2168 603 2204; x_wconf 84' lang='lat' dir='ltr'>Horat.</span> <span class='ocrx_word' id='word_1_174' title='bbox 620 2164 663 2202; x_wconf 88' lang='lat' dir='ltr'>in</span> <span class='ocrx_word' id='word_1_175' title='bbox 675 2168 787 2204; x_wconf 86' lang='lat' dir='ltr'>Arte:</span> 
     </span>
     <span class='ocr_line' id='line_1_35' title="bbox 80 2223 892 2279; baseline 0.002 -17"><span class='ocrx_word' id='word_1_176' title='bbox 80 2251 85 2257; x_wconf 62' lang='grc'><strong>«</strong></span> <span class='ocrx_word' id='word_1_177' title='bbox 129 2223 204 2262; x_wconf 78' lang='lat' dir='ltr'>Nec</span> <span class='ocrx_word' id='word_1_178' title='bbox 214 2223 486 2277; x_wconf 70' lang='lat' dir='ltr'>gemino&#39;bellum</span> <span class='ocrx_word' id='word_1_179' title='bbox 501 2228 688 2279; x_wconf 80' lang='lat' dir='ltr'>Trojanum</span> <span class='ocrx_word' id='word_1_180' title='bbox 698 2223 838 2265; x_wconf 76' lang='lat' dir='ltr'>orditur</span> <span class='ocrx_word' id='word_1_181' title='bbox 847 2224 892 2264; x_wconf 73' lang='lat' dir='ltr'>ab</span> 
     </span>
     <span class='ocr_line' id='line_1_36' title="bbox 273 2295 368 2319; baseline 0.021 -2"><span class='ocrx_word' id='word_1_182' title='bbox 273 2295 335 2318; x_wconf 63' lang='lat'>0⁴00</span> <span class='ocrx_word' id='word_1_183' title='bbox 355 2297 368 2319; x_wconf 79' lang='lat'>.‘</span> 
     </span>
    </p>

    <p class='ocr_par' dir='ltr' id='par_1_11' title="bbox 27 2335 893 2502">
     <span class='ocr_line' id='line_1_37' title="bbox 133 2335 783 2387; baseline 0.005 -16"><span class='ocrx_word' id='word_1_184' title='bbox 133 2338 273 2386; x_wconf 75' lang='lat' dir='ltr'>Semper</span> <span class='ocrx_word' id='word_1_185' title='bbox 283 2336 334 2375; x_wconf 82' lang='lat' dir='ltr'>ad</span> <span class='ocrx_word' id='word_1_186' title='bbox 344 2335 658 2387; x_wconf 74' lang='lat' dir='ltr'>eventumfeflinat</span> <span class='ocrx_word' id='word_1_187' title='bbox 667 2363 683 2384; x_wconf 67' lang='lat'>2</span> <span class='ocrx_word' id='word_1_188' title='bbox 698 2340 783 2380; x_wconf 61' lang='lat' dir='ltr'>&amp;a</span> 
     </span>
     <span class='ocr_line' id='line_1_38' title="bbox 78 2389 888 2447; baseline 0.004 -18"><span class='ocrx_word' id='word_1_189' title='bbox 78 2389 256 2429; x_wconf 83' lang='lat' dir='ltr'>Macrob.</span> <span class='ocrx_word' id='word_1_190' title='bbox 271 2391 296 2430; x_wconf 92' lang='lat'>1.</span> <span class='ocrx_word' id='word_1_191' title='bbox 317 2406 352 2445; x_wconf 84' lang='lat'>5.</span> <span class='ocrx_word' id='word_1_192' title='bbox 367 2405 397 2432; x_wconf 90' lang='lat' dir='ltr'>c.</span> <span class='ocrx_word' id='word_1_193' title='bbox 413 2407 448 2434; x_wconf 84' lang='lat'>2.</span> <span class='ocrx_word' id='word_1_194' title='bbox 465 2392 699 2433; x_wconf 83' lang='lat' dir='ltr'>observetur</span> <span class='ocrx_word' id='word_1_195' title='bbox 714 2421 725 2439; x_wconf 93' lang='lat'>,</span> <span class='ocrx_word' id='word_1_196' title='bbox 740 2391 888 2447; x_wconf 85' lang='lat' dir='ltr'>inquit,</span> 
     </span>
     <span class='ocr_line' id='line_1_39' title="bbox 27 2446 893 2502; baseline 0.003 -16"><span class='ocrx_word' id='word_1_197' title='bbox 27 2476 31 2480; x_wconf 87' lang='grc'>-</span> <span class='ocrx_word' id='word_1_198' title='bbox 77 2458 166 2486; x_wconf 75' lang='lat' dir='ltr'>cum</span> <span class='ocrx_word' id='word_1_199' title='bbox 203 2446 332 2500; x_wconf 84' lang='lat' dir='ltr'>primo</span> <span class='ocrx_word' id='word_1_200' title='bbox 367 2447 474 2490; x_wconf 85' lang='lat' dir='ltr'>versu</span> <span class='ocrx_word' id='word_1_201' title='bbox 497 2448 723 2502; x_wconf 68' lang='lat' dir='ltr'>promisisset</span> <span class='ocrx_word' id='word_1_202' title='bbox 752 2451 893 2502; x_wconf 84' lang='lat' dir='ltr'>produ-</span> 
     </span>
    </p>

    <p class='ocr_par' dir='ltr' id='par_1_12' title="bbox 14 2503 888 2610">
     <span class='ocr_line' id='line_1_40' title="bbox 14 2503 888 2558; baseline 0.003 -12"><span class='ocrx_word' id='word_1_203' title='bbox 14 2503 16 2506; x_wconf 69' lang='grc'>’</span> <span class='ocrx_word' id='word_1_204' title='bbox 80 2504 232 2546; x_wconf 62' lang='lat' dir='ltr'>&amp;urum</span> <span class='ocrx_word' id='word_1_205' title='bbox 257 2504 334 2547; x_wconf 89' lang='lat' dir='ltr'>sese</span> <span class='ocrx_word' id='word_1_206' title='bbox 359 2506 407 2548; x_wconf 88' lang='lat' dir='ltr'>de</span> <span class='ocrx_word' id='word_1_207' title='bbox 434 2509 562 2558; x_wconf 74' lang='lat' dir='ltr'>Troiae</span> <span class='ocrx_word' id='word_1_208' title='bbox 585 2504 785 2547; x_wconf 83' lang='lat' dir='ltr'>littoribus</span> <span class='ocrx_word' id='word_1_209' title='bbox 823 2512 888 2549; x_wconf 68' lang='lat' dir='ltr'>ffi-</span> 
     </span>
     <span class='ocr_line' id='line_1_41' title="bbox 83 2573 229 2610; baseline 0 -9"><span class='ocrx_word' id='word_1_210' title='bbox 83 2573 201 2601; x_wconf 83' lang='lat' dir='ltr'>neam</span> <span class='ocrx_word' id='word_1_211' title='bbox 217 2592 229 2610; x_wconf 92' lang='lat'>‚</span> 
     </span>
    </p>

    <p class='ocr_par' dir='ltr' id='par_1_13' title="bbox 70 2622 890 2677">
     <span class='ocr_line' id='line_1_42' title="bbox 70 2622 890 2677; baseline -0.002 -13"><span class='ocrx_word' id='word_1_212' title='bbox 70 2658 73 2664; x_wconf 87' lang='grc'><strong><em>,</em></strong></span> <span class='ocrx_word' id='word_1_213' title='bbox 133 2638 211 2651; x_wconf 82' lang='grc'>--</span> <span class='ocrx_word' id='word_1_214' title='bbox 249 2625 362 2674; x_wconf 81' lang='lat' dir='ltr'>Trojae</span> <span class='ocrx_word' id='word_1_215' title='bbox 394 2624 457 2677; x_wconf 79' lang='lat' dir='ltr'>qui</span> <span class='ocrx_word' id='word_1_216' title='bbox 477 2623 612 2676; x_wconf 78' lang='lat' dir='ltr'>primus</span> <span class='ocrx_word' id='word_1_217' title='bbox 639 2622 686 2662; x_wconf 83' lang='lat' dir='ltr'>ab</span> <span class='ocrx_word' id='word_1_218' title='bbox 711 2624 781 2662; x_wconf 76' lang='lat' dir='ltr'>oris</span> <span class='ocrx_word' id='word_1_219' title='bbox 808 2626 890 2662; x_wconf 77' lang='lat' dir='ltr'>lta-</span> 
     </span>
    </p>

    <p class='ocr_par' dir='ltr' id='par_1_14' title="bbox 299 2682 515 2726">
     <span class='ocr_line' id='line_1_43' title="bbox 299 2682 515 2726; baseline 0.005 -9"><span class='ocrx_word' id='word_1_220' title='bbox 299 2682 389 2718; x_wconf 78' lang='lat' dir='ltr'>liam</span> <span class='ocrx_word' id='word_1_221' title='bbox 401 2707 416 2726; x_wconf 87' lang='lat'>‚</span> <span class='ocrx_word' id='word_1_222' title='bbox 431 2685 515 2724; x_wconf 65' lang='lat' dir='ltr'>&amp;a</span> 
     </span>
    </p>

    <p class='ocr_par' dir='ltr' id='par_1_15' title="bbox 75 2731 899 3196">
     <span class='ocr_line' id='line_1_44' title="bbox 78 2731 894 2785; baseline 0.002 -12"><span class='ocrx_word' id='word_1_223' title='bbox 78 2731 160 2774; x_wconf 87' lang='lat' dir='ltr'>Ubi</span> <span class='ocrx_word' id='word_1_224' title='bbox 183 2733 231 2774; x_wconf 87' lang='lat' dir='ltr'>ad</span> <span class='ocrx_word' id='word_1_225' title='bbox 256 2737 411 2784; x_wconf 72' lang='lat' dir='ltr'>ianuam</span> <span class='ocrx_word' id='word_1_226' title='bbox 427 2734 609 2785; x_wconf 80' lang='lat' dir='ltr'>narrandi</span> <span class='ocrx_word' id='word_1_227' title='bbox 623 2735 745 2783; x_wconf 86' lang='lat' dir='ltr'>venit,</span> <span class='ocrx_word' id='word_1_228' title='bbox 765 2741 894 2775; x_wconf 67' lang='lat' dir='ltr'>AEneae</span> 
     </span>
     <span class='ocr_line' id='line_1_45' title="bbox 75 2789 897 2842; baseline 0.004 -12"><span class='ocrx_word' id='word_1_229' title='bbox 75 2789 226 2831; x_wconf 60' lang='lat' dir='ltr'>clasii-m</span> <span class='ocrx_word' id='word_1_230' title='bbox 253 2806 337 2833; x_wconf 89' lang='lat' dir='ltr'>non</span> <span class='ocrx_word' id='word_1_231' title='bbox 362 2793 410 2834; x_wconf 93' lang='lat' dir='ltr'>de</span> <span class='ocrx_word' id='word_1_232' title='bbox 434 2791 581 2842; x_wconf 70' lang='lat' dir='ltr'>Trojzi,</span> <span class='ocrx_word' id='word_1_233' title='bbox 607 2790 670 2832; x_wconf 88' lang='lat' dir='ltr'>sed</span> <span class='ocrx_word' id='word_1_234' title='bbox 692 2793 740 2833; x_wconf 87' lang='lat' dir='ltr'>de</span> <span class='ocrx_word' id='word_1_235' title='bbox 766 2792 897 2833; x_wconf 65' lang='lat' dir='ltr'>Sicilia</span> 
     </span>
     <span class='ocr_line' id='line_1_46' title="bbox 75 2849 897 2909; baseline 0.002 -21"><span class='ocrx_word' id='word_1_236' title='bbox 75 2849 272 2901; x_wconf 80' lang='lat' dir='ltr'>producit:</span> <span class='ocrx_word' id='word_1_237' title='bbox 307 2854 384 2892; x_wconf 81' lang='lat' dir='ltr'>Vix</span> <span class='ocrx_word' id='word_1_238' title='bbox 406 2853 424 2891; x_wconf 72' lang='grc' dir='ltr'><em>ὲ</em></span> <span class='ocrx_word' id='word_1_239' title='bbox 447 2851 622 2906; x_wconf 67' lang='grc' dir='ltr'>ωηθιεὲἶη</span> <span class='ocrx_word' id='word_1_240' title='bbox 638 2864 748 2897; x_wconf 61' lang='lat' dir='ltr'>,wc-</span> <span class='ocrx_word' id='word_1_241' title='bbox 777 2849 897 2909; x_wconf 75' lang='lat' dir='ltr'>Qod</span> 
     </span>
     <span class='ocr_line' id='line_1_47' title="bbox 78 2907 894 2961; baseline 0.005 -16"><span class='ocrx_word' id='word_1_242' title='bbox 78 2917 207 2946; x_wconf 85' lang='lat' dir='ltr'>totum</span> <span class='ocrx_word' id='word_1_243' title='bbox 220 2909 438 2949; x_wconf 85' lang='lat' dir='ltr'>Homericis</span> <span class='ocrx_word' id='word_1_244' title='bbox 449 2908 524 2949; x_wconf 84' lang='lat' dir='ltr'>filis</span> <span class='ocrx_word' id='word_1_245' title='bbox 537 2907 672 2948; x_wconf 81' lang='lat' dir='ltr'>texuit.</span> <span class='ocrx_word' id='word_1_246' title='bbox 690 2907 772 2961; x_wconf 88' lang='lat' dir='ltr'>Ipse</span> <span class='ocrx_word' id='word_1_247' title='bbox 786 2911 894 2949; x_wconf 82' lang='lat' dir='ltr'>enirn</span> 
     </span>
     <span class='ocr_line' id='line_1_48' title="bbox 77 2963 894 3006; baseline 0.005 -4"><span class='ocrx_word' id='word_1_248' title='bbox 77 2963 204 3003; x_wconf 82' lang='lat' dir='ltr'>vitans</span> <span class='ocrx_word' id='word_1_249' title='bbox 218 2965 259 3004; x_wconf 90' lang='lat' dir='ltr'>iu</span> <span class='ocrx_word' id='word_1_250' title='bbox 273 2968 455 3006; x_wconf 70' lang='lat' dir='ltr'>Poemate</span> <span class='ocrx_word' id='word_1_251' title='bbox 468 2965 738 3006; x_wconf 86' lang='lat' dir='ltr'>historicorum</span> <span class='ocrx_word' id='word_1_252' title='bbox 762 2965 875 3006; x_wconf 77' lang='lat' dir='ltr'>simili</span> <span class='ocrx_word' id='word_1_253' title='bbox 885 2990 894 2994; x_wconf 91' lang='lat'><em>-</em></span> 
     </span>
     <span class='ocr_line' id='line_1_49' title="bbox 83 3021 899 3077; baseline 0.006 -18"><span class='ocrx_word' id='word_1_254' title='bbox 83 3021 262 3062; x_wconf 88' lang='lat' dir='ltr'>tudinem</span> <span class='ocrx_word' id='word_1_255' title='bbox 283 3023 444 3077; x_wconf 82' lang='lat' dir='ltr'>‚quibus</span> <span class='ocrx_word' id='word_1_256' title='bbox 467 3025 526 3063; x_wconf 85' lang='lat' dir='ltr'>lex</span> <span class='ocrx_word' id='word_1_257' title='bbox 552 3023 603 3064; x_wconf 87' lang='lat' dir='ltr'>est</span> <span class='ocrx_word' id='word_1_258' title='bbox 618 3051 630 3069; x_wconf 84' lang='lat'>‚</span> <span class='ocrx_word' id='word_1_259' title='bbox 657 3025 827 3075; x_wconf 83' lang='lat' dir='ltr'>incipere</span> <span class='ocrx_word' id='word_1_260' title='bbox 851 3023 899 3064; x_wconf 88' lang='lat' dir='ltr'>ab</span> 
     </span>
     <span class='ocr_line' id='line_1_50' title="bbox 78 3077 894 3126; baseline 0.004 -10"><span class='ocrx_word' id='word_1_261' title='bbox 78 3077 197 3118; x_wconf 88' lang='lat' dir='ltr'>initio</span> <span class='ocrx_word' id='word_1_262' title='bbox 210 3092 337 3120; x_wconf 84' lang='lat' dir='ltr'>rerum</span> <span class='ocrx_word' id='word_1_263' title='bbox 352 3108 366 3126; x_wconf 83' lang='lat'>‚</span> <span class='ocrx_word' id='word_1_264' title='bbox 401 3083 440 3121; x_wconf 84' lang='lat'>&amp;</span> <span class='ocrx_word' id='word_1_265' title='bbox 456 3081 686 3121; x_wconf 77' lang='lat' dir='ltr'>continuam</span> <span class='ocrx_word' id='word_1_266' title='bbox 710 3083 894 3121; x_wconf 81' lang='lat' dir='ltr'>narratio-</span> 
     </span>
     <span class='ocr_line' id='line_1_51' title="bbox 77 3135 899 3196; baseline 0.007 -21"><span class='ocrx_word' id='word_1_267' title='bbox 77 3147 168 3178; x_wconf 85' lang='lat' dir='ltr'>nem</span> <span class='ocrx_word' id='word_1_268' title='bbox 191 3136 238 3177; x_wconf 80' lang='lat' dir='ltr'>ad</span> <span class='ocrx_word' id='word_1_269' title='bbox 263 3136 382 3178; x_wconf 79' lang='lat' dir='ltr'>finem</span> <span class='ocrx_word' id='word_1_270' title='bbox 409 3135 522 3194; x_wconf 72' lang='lat' dir='ltr'>usque</span> <span class='ocrx_word' id='word_1_271' title='bbox 546 3138 775 3194; x_wconf 79' lang='lat' dir='ltr'>perducere:</span> <span class='ocrx_word' id='word_1_272' title='bbox 807 3137 899 3196; x_wconf 69' lang='lat' dir='ltr'>ipse,</span> 
     </span>
    </p>
   </div>
   <div class='ocr_carea' id='block_1_5' title="bbox 1613 417 1760 475">
    <p class='ocr_par' dir='ltr' id='par_1_16' title="bbox 1613 417 1760 475">
     <span class='ocr_line' id='line_1_52' title="bbox 1613 417 1760 475; baseline 0.02 -3"><span class='ocrx_word' id='word_1_273' title='bbox 1613 417 1760 475; x_wconf 89' lang='lat' dir='ltr'>Cum</span> 
     </span>
    </p>
   </div>
   <div class='ocr_carea' id='block_1_6' title="bbox 934 493 1760 1062">
    <p class='ocr_par' dir='ltr' id='par_1_17' title="bbox 934 493 1760 939">
     <span class='ocr_line' id='line_1_53' title="bbox 939 493 1760 553; baseline 0.002 -15"><span class='ocrx_word' id='word_1_274' title='bbox 939 497 1095 541; x_wconf 68' lang='lat' dir='ltr'>Po&#39;e‘ticfi</span> <span class='ocrx_word' id='word_1_275' title='bbox 1122 497 1339 553; x_wconf 60' lang='lat' dir='ltr'>disciplina,</span> <span class='ocrx_word' id='word_1_276' title='bbox 1371 493 1393 537; x_wconf 68' lang='grc' dir='ltr'><strong>ἒ</strong></span> <span class='ocrx_word' id='word_1_277' title='bbox 1406 510 1534 539; x_wconf 86' lang='lat' dir='ltr'>rerum</span> <span class='ocrx_word' id='word_1_278' title='bbox 1547 498 1682 539; x_wconf 89' lang='lat' dir='ltr'>medio</span> <span class='ocrx_word' id='word_1_279' title='bbox 1694 513 1760 540; x_wconf 87' lang='lat' dir='ltr'>ce·</span> 
     </span>
     <span class='ocr_line' id='line_1_54' title="bbox 937 553 1760 610; baseline 0.001 -14"><span class='ocrx_word' id='word_1_280' title='bbox 937 557 1022 610; x_wconf 87' lang='lat' dir='ltr'>pit,</span> <span class='ocrx_word' id='word_1_281' title='bbox 1052 559 1090 596; x_wconf 90' lang='lat'>&amp;</span> <span class='ocrx_word' id='word_1_282' title='bbox 1116 557 1162 597; x_wconf 89' lang='lat' dir='ltr'>ad</span> <span class='ocrx_word' id='word_1_283' title='bbox 1187 557 1345 597; x_wconf 86' lang='lat' dir='ltr'>initium</span> <span class='ocrx_word' id='word_1_284' title='bbox 1371 555 1454 608; x_wconf 90' lang='lat' dir='ltr'>post</span> <span class='ocrx_word' id='word_1_285' title='bbox 1479 553 1648 596; x_wconf 89' lang='lat' dir='ltr'>reversus</span> <span class='ocrx_word' id='word_1_286' title='bbox 1690 556 1760 597; x_wconf 82' lang='lat' dir='ltr'>est.</span> 
     </span>
     <span class='ocr_line' id='line_1_55' title="bbox 940 612 1758 668; baseline 0.001 -15"><span class='ocrx_word' id='word_1_287' title='bbox 940 619 975 653; x_wconf 89' lang='lat' dir='ltr'>A</span> <span class='ocrx_word' id='word_1_288' title='bbox 994 613 1122 654; x_wconf 67' lang='lat' dir='ltr'>Sicilift</span> <span class='ocrx_word' id='word_1_289' title='bbox 1135 616 1177 654; x_wconf 89' lang='lat' dir='ltr'>in</span> <span class='ocrx_word' id='word_1_290' title='bbox 1190 613 1353 668; x_wconf 82' lang='lat' dir='ltr'>Libyam</span> <span class='ocrx_word' id='word_1_291' title='bbox 1367 612 1514 653; x_wconf 83' lang='lat' dir='ltr'>delatus</span> <span class='ocrx_word' id='word_1_292' title='bbox 1526 641 1538 660; x_wconf 87' lang='lat'><em>‚</em></span> <span class='ocrx_word' id='word_1_293' title='bbox 1566 613 1608 652; x_wconf 88' lang='lat' dir='ltr'>in</span> <span class='ocrx_word' id='word_1_294' title='bbox 1621 614 1758 655; x_wconf 85' lang='lat' dir='ltr'>convi-</span> 
     </span>
     <span class='ocr_line' id='line_1_56' title="bbox 935 668 1757 727; baseline 0.002 -17"><span class='ocrx_word' id='word_1_295' title='bbox 935 671 1003 710; x_wconf 89' lang='lat' dir='ltr'>vio</span> <span class='ocrx_word' id='word_1_296' title='bbox 1025 671 1198 711; x_wconf 87' lang='lat' dir='ltr'>Didonis</span> <span class='ocrx_word' id='word_1_297' title='bbox 1225 681 1355 711; x_wconf 68' lang='lat' dir='ltr'>narrat</span> <span class='ocrx_word' id='word_1_298' title='bbox 1378 668 1455 724; x_wconf 86' lang='lat' dir='ltr'>ipse</span> <span class='ocrx_word' id='word_1_299' title='bbox 1469 675 1612 711; x_wconf 71' lang='lat' dir='ltr'>AEneas</span> <span class='ocrx_word' id='word_1_300' title='bbox 1639 668 1757 727; x_wconf 80' lang='lat' dir='ltr'>usque</span> 
     </span>
     <span class='ocr_line' id='line_1_57' title="bbox 937 726 1759 782; baseline 0.006 -17"><span class='ocrx_word' id='word_1_301' title='bbox 937 727 984 766; x_wconf 86' lang='lat' dir='ltr'>ad</span> <span class='ocrx_word' id='word_1_302' title='bbox 1019 729 1190 768; x_wconf 84' lang='lat' dir='ltr'>Siciliam</span> <span class='ocrx_word' id='word_1_303' title='bbox 1228 728 1275 768; x_wconf 87' lang='lat' dir='ltr'>de</span> <span class='ocrx_word' id='word_1_304' title='bbox 1313 726 1437 779; x_wconf 66' lang='lat' dir='ltr'>Trojzi</span> <span class='ocrx_word' id='word_1_305' title='bbox 1462 727 1759 782; x_wconf 74' lang='lat' dir='ltr'>navigationem</span> 
     </span>
     <span class='ocr_line' id='line_1_58' title="bbox 934 782 1759 840; baseline 0.005 -17"><span class='ocrx_word' id='word_1_306' title='bbox 934 782 1039 824; x_wconf 85' lang='lat' dir='ltr'>suam</span> <span class='ocrx_word' id='word_1_307' title='bbox 1054 800 1064 825; x_wconf 73' lang='grc' dir='ltr'>ε</span> <span class='ocrx_word' id='word_1_308' title='bbox 1082 787 1122 824; x_wconf 88' lang='lat'>&amp;</span> <span class='ocrx_word' id='word_1_309' title='bbox 1137 784 1285 824; x_wconf 81' lang='lat' dir='ltr'>addidit</span> <span class='ocrx_word' id='word_1_310' title='bbox 1298 798 1378 826; x_wconf 88' lang='lat' dir='ltr'>uno</span> <span class='ocrx_word' id='word_1_311' title='bbox 1394 783 1501 826; x_wconf 86' lang='lat' dir='ltr'>versu</span> <span class='ocrx_word' id='word_1_312' title='bbox 1512 812 1527 833; x_wconf 91' lang='lat'><em>,</em></span> <span class='ocrx_word' id='word_1_313' title='bbox 1558 785 1662 840; x_wconf 89' lang='lat' dir='ltr'>quod</span> <span class='ocrx_word' id='word_1_314' title='bbox 1676 787 1759 835; x_wconf 86' lang='lat' dir='ltr'>jam</span> 
     </span>
     <span class='ocr_line' id='line_1_59' title="bbox 937 839 1758 898; baseline 0.005 -18"><span class='ocrx_word' id='word_1_315' title='bbox 937 840 1092 895; x_wconf 85' lang='lat' dir='ltr'>copiose</span> <span class='ocrx_word' id='word_1_316' title='bbox 1105 845 1225 883; x_wconf 69' lang='lat' dir='ltr'>Poeta</span> <span class='ocrx_word' id='word_1_317' title='bbox 1238 839 1497 898; x_wconf 77' lang='lat' dir='ltr'>descripserat,</span> <span class='ocrx_word' id='word_1_318' title='bbox 1529 856 1566 897; x_wconf 86' lang='lat'>3.</span> <span class='ocrx_word' id='word_1_319' title='bbox 1581 847 1671 884; x_wconf 57' lang='grc' dir='ltr'>ἄη.</span> <span class='ocrx_word' id='word_1_320' title='bbox 1688 840 1758 884; x_wconf 84' lang='lat' dir='ltr'>sub</span> 
     </span>
     <span class='ocr_line' id='line_1_60' title="bbox 939 898 1086 939; baseline 0 -1"><span class='ocrx_word' id='word_1_321' title='bbox 939 898 1086 939; x_wconf 87' lang='lat' dir='ltr'>finem:</span> 
     </span>
    </p>

    <p class='ocr_par' dir='ltr' id='par_1_18' title="bbox 993 956 1760 1015">
     <span class='ocr_line' id='line_1_61' title="bbox 993 956 1760 1015; baseline 0.001 -17"><span class='ocrx_word' id='word_1_322' title='bbox 993 959 1090 998; x_wconf 83' lang='lat' dir='ltr'>Hinc</span> <span class='ocrx_word' id='word_1_323' title='bbox 1099 971 1154 998; x_wconf 83' lang='lat' dir='ltr'>me</span> <span class='ocrx_word' id='word_1_324' title='bbox 1166 956 1356 1013; x_wconf 63' lang='lat' dir='ltr'>digreffiaem</span> <span class='ocrx_word' id='word_1_325' title='bbox 1375 957 1500 1011; x_wconf 69' lang='lat' dir='ltr'>vestris</span> <span class='ocrx_word' id='word_1_326' title='bbox 1525 964 1625 999; x_wconf 60' lang='lat' dir='ltr'>Deua</span> <span class='ocrx_word' id='word_1_327' title='bbox 1646 972 1760 1015; x_wconf 65' lang='lat' dir='ltr'>appu-</span> 
     </span>
    </p>

    <p class='ocr_par' dir='ltr' id='par_1_19' title="bbox 1140 1017 1384 1062">
     <span class='ocr_line' id='line_1_62' title="bbox 1140 1017 1384 1062; baseline 0.008 -9"><span class='ocrx_word' id='word_1_328' title='bbox 1140 1017 1264 1054; x_wconf 82' lang='lat' dir='ltr'>litoris</span> <span class='ocrx_word' id='word_1_329' title='bbox 1276 1044 1287 1062; x_wconf 91' lang='lat'>,</span> <span class='ocrx_word' id='word_1_330' title='bbox 1303 1029 1384 1060; x_wconf 59' lang='lat' dir='ltr'>(Pe.</span> 
     </span>
    </p>
   </div>
   <div class='ocr_carea' id='block_1_7' title="bbox 938 1067 1843 1127">
    <p class='ocr_par' dir='ltr' id='par_1_20' title="bbox 938 1067 1843 1127">
     <span class='ocr_line' id='line_1_63' title="bbox 938 1067 1843 1127; baseline 0.003 -15"><span class='ocrx_word' id='word_1_331' title='bbox 938 1070 1034 1112; x_wconf 88' lang='lat' dir='ltr'>Vide</span> <span class='ocrx_word' id='word_1_332' title='bbox 1061 1067 1212 1112; x_wconf 79' lang='lat' dir='ltr'>ibidem</span> <span class='ocrx_word' id='word_1_333' title='bbox 1245 1073 1362 1127; x_wconf 82' lang='lat' dir='ltr'>plura.</span> <span class='ocrx_word' id='word_1_334' title='bbox 1396 1070 1584 1123; x_wconf 83' lang='lat' dir='ltr'>Inprimis</span> <span class='ocrx_word' id='word_1_335' title='bbox 1622 1073 1761 1127; x_wconf 77' lang='lat' dir='ltr'>scalig.</span> <span class='ocrx_word' id='word_1_336' title='bbox 1828 1110 1843 1119; x_wconf 74' lang='grc'><em>,</em></span> 
     </span>
    </p>
   </div>
   <div class='ocr_carea' id='block_1_8' title="bbox 938 1129 1779 3241">
    <p class='ocr_par' dir='ltr' id='par_1_21' title="bbox 939 1129 1764 1918">
     <span class='ocr_line' id='line_1_64' title="bbox 940 1129 1761 1184; baseline 0.001 -14"><span class='ocrx_word' id='word_1_337' title='bbox 940 1129 1086 1170; x_wconf 71' lang='lat' dir='ltr'>Poetic.</span> <span class='ocrx_word' id='word_1_338' title='bbox 1111 1130 1137 1170; x_wconf 88' lang='lat'>1.</span> <span class='ocrx_word' id='word_1_339' title='bbox 1153 1142 1191 1181; x_wconf 81' lang='lat'>3.</span> <span class='ocrx_word' id='word_1_340' title='bbox 1221 1142 1253 1169; x_wconf 86' lang='lat' dir='ltr'>c.</span> <span class='ocrx_word' id='word_1_341' title='bbox 1270 1143 1337 1184; x_wconf 84' lang='lat'>95.</span> <span class='ocrx_word' id='word_1_342' title='bbox 1368 1141 1410 1170; x_wconf 89' lang='lat' dir='ltr'>ut</span> <span class='ocrx_word' id='word_1_343' title='bbox 1425 1130 1466 1168; x_wconf 69' lang='grc' dir='ltr'>ὅ(</span> <span class='ocrx_word' id='word_1_344' title='bbox 1484 1133 1572 1184; x_wconf 87' lang='lat' dir='ltr'>Jov.</span> <span class='ocrx_word' id='word_1_345' title='bbox 1588 1131 1761 1171; x_wconf 85' lang='lat' dir='ltr'>Pontani</span> 
     </span>
     <span class='ocr_line' id='line_1_65' title="bbox 941 1186 1760 1239; baseline 0.001 -13"><span class='ocrx_word' id='word_1_346' title='bbox 941 1187 1098 1226; x_wconf 58' lang='lat' dir='ltr'>Aritium</span> <span class='ocrx_word' id='word_1_347' title='bbox 1114 1187 1207 1236; x_wconf 78' lang='lat' dir='ltr'>„ubi</span> <span class='ocrx_word' id='word_1_348' title='bbox 1220 1186 1268 1227; x_wconf 88' lang='lat' dir='ltr'>de</span> <span class='ocrx_word' id='word_1_349' title='bbox 1291 1198 1543 1228; x_wconf 85' lang='lat' dir='ltr'>numerorum</span> <span class='ocrx_word' id='word_1_350' title='bbox 1556 1187 1760 1239; x_wconf 84' lang='lat' dir='ltr'>gravitate,</span> 
     </span>
     <span class='ocr_line' id='line_1_66' title="bbox 943 1240 1761 1297; baseline 0.001 -14"><span class='ocrx_word' id='word_1_351' title='bbox 943 1244 983 1283; x_wconf 88' lang='lat'>&amp;</span> <span class='ocrx_word' id='word_1_352' title='bbox 1007 1240 1182 1284; x_wconf 86' lang='lat' dir='ltr'>versuum</span> <span class='ocrx_word' id='word_1_353' title='bbox 1199 1243 1337 1285; x_wconf 86' lang='lat' dir='ltr'>horum</span> <span class='ocrx_word' id='word_1_354' title='bbox 1353 1242 1565 1297; x_wconf 82' lang='lat' dir='ltr'>magnifico</span> <span class='ocrx_word' id='word_1_355' title='bbox 1578 1255 1761 1296; x_wconf 67' lang='lat' dir='ltr'>apparatu</span> 
     </span>
     <span class='ocr_line' id='line_1_67' title="bbox 939 1295 1757 1355; baseline 0.002 -16"><span class='ocrx_word' id='word_1_356' title='bbox 939 1299 1142 1354; x_wconf 85' lang='lat' dir='ltr'>ingeniose</span> <span class='ocrx_word' id='word_1_357' title='bbox 1168 1298 1391 1355; x_wconf 81' lang='lat' dir='ltr'>disputatur.</span> <span class='ocrx_word' id='word_1_358' title='bbox 1423 1295 1544 1340; x_wconf 71' lang='lat' dir='ltr'>Porro</span> <span class='ocrx_word' id='word_1_359' title='bbox 1558 1298 1596 1341; x_wconf 73' lang='lat'>713</span> <span class='ocrx_word' id='word_1_360' title='bbox 1609 1303 1757 1341; x_wconf 81' lang='lat' dir='ltr'>vixin-</span> 
     </span>
     <span class='ocr_line' id='line_1_68' title="bbox 943 1361 1761 1412; baseline 0.005 -15"><span class='ocrx_word' id='word_1_361' title='bbox 943 1369 1169 1412; x_wconf 85' lang='lat' dir='ltr'>terpretatur</span> <span class='ocrx_word' id='word_1_362' title='bbox 1187 1361 1338 1400; x_wconf 82' lang='lat' dir='ltr'>Servius</span> <span class='ocrx_word' id='word_1_363' title='bbox 1350 1376 1442 1400; x_wconf 86' lang='lat' dir='ltr'>mox.</span> <span class='ocrx_word' id='word_1_364' title='bbox 1479 1363 1676 1405; x_wconf 80' lang='lat' dir='ltr'>Donatus,</span> <span class='ocrx_word' id='word_1_365' title='bbox 1690 1362 1761 1401; x_wconf 78' lang='lat' dir='ltr'>vix</span> 
     </span>
     <span class='ocr_line' id='line_1_69' title="bbox 939 1415 1763 1472; baseline 0.002 -17"><span class='ocrx_word' id='word_1_366' title='bbox 939 1418 1016 1456; x_wconf 74' lang='lat' dir='ltr'>laeti</span> <span class='ocrx_word' id='word_1_367' title='bbox 1029 1446 1041 1463; x_wconf 93' lang='lat'><strong>,</strong></span> <span class='ocrx_word' id='word_1_368' title='bbox 1064 1417 1269 1471; x_wconf 82' lang='lat' dir='ltr'>conjungit</span> <span class='ocrx_word' id='word_1_369' title='bbox 1285 1431 1294 1455; x_wconf 95' lang='lat'><strong>:</strong></span> <span class='ocrx_word' id='word_1_370' title='bbox 1309 1416 1411 1472; x_wconf 90' lang='lat' dir='ltr'>quod</span> <span class='ocrx_word' id='word_1_371' title='bbox 1427 1418 1466 1457; x_wconf 87' lang='lat'>&amp;</span> <span class='ocrx_word' id='word_1_372' title='bbox 1479 1415 1657 1456; x_wconf 82' lang='lat' dir='ltr'>dolerent</span> <span class='ocrx_word' id='word_1_373' title='bbox 1673 1424 1763 1457; x_wconf 84' lang='lat' dir='ltr'>An-</span> 
     </span>
     <span class='ocr_line' id='line_1_70' title="bbox 940 1471 1764 1528; baseline 0.002 -17"><span class='ocrx_word' id='word_1_374' title='bbox 940 1471 1049 1513; x_wconf 84' lang='lat' dir='ltr'>chisae</span> <span class='ocrx_word' id='word_1_375' title='bbox 1060 1487 1231 1515; x_wconf 89' lang='lat' dir='ltr'>mortem</span> <span class='ocrx_word' id='word_1_376' title='bbox 1246 1503 1258 1521; x_wconf 90' lang='lat'><strong>,</strong></span> <span class='ocrx_word' id='word_1_377' title='bbox 1283 1476 1324 1515; x_wconf 86' lang='lat'>&amp;</span> <span class='ocrx_word' id='word_1_378' title='bbox 1337 1473 1549 1528; x_wconf 81' lang='lat' dir='ltr'>gauderent</span> <span class='ocrx_word' id='word_1_379' title='bbox 1561 1486 1680 1527; x_wconf 86' lang='lat' dir='ltr'>prope</span> <span class='ocrx_word' id='word_1_380' title='bbox 1691 1473 1764 1513; x_wconf 82' lang='lat' dir='ltr'>ab·</span> 
     </span>
     <span class='ocr_line' id='line_1_71' title="bbox 941 1529 1760 1580; baseline 0.001 -10"><span class='ocrx_word' id='word_1_381' title='bbox 941 1529 1015 1570; x_wconf 76' lang='lat' dir='ltr'>effe</span> <span class='ocrx_word' id='word_1_382' title='bbox 1030 1532 1198 1574; x_wconf 78' lang='lat' dir='ltr'>Italiam.</span> <span class='ocrx_word' id='word_1_383' title='bbox 1235 1533 1383 1572; x_wconf 89' lang='lat' dir='ltr'>Servius</span> <span class='ocrx_word' id='word_1_384' title='bbox 1395 1533 1469 1580; x_wconf 88' lang='lat' dir='ltr'>ait,</span> <span class='ocrx_word' id='word_1_385' title='bbox 1480 1543 1546 1571; x_wconf 84' lang='lat' dir='ltr'>eos</span> <span class='ocrx_word' id='word_1_386' title='bbox 1561 1530 1676 1570; x_wconf 82' lang='lat' dir='ltr'>laetari</span> <span class='ocrx_word' id='word_1_387' title='bbox 1692 1544 1760 1572; x_wconf 87' lang='lat' dir='ltr'>:ut</span> 
     </span>
     <span class='ocr_line' id='line_1_72' title="bbox 941 1586 1764 1645; baseline 0.002 -17"><span class='ocrx_word' id='word_1_388' title='bbox 941 1586 987 1628; x_wconf 89' lang='lat' dir='ltr'>fir</span> <span class='ocrx_word' id='word_1_389' title='bbox 1001 1590 1151 1645; x_wconf 87' lang='lat' dir='ltr'>Junoni</span> <span class='ocrx_word' id='word_1_390' title='bbox 1165 1587 1286 1629; x_wconf 78' lang='lat' dir='ltr'>cauffa</span> <span class='ocrx_word' id='word_1_391' title='bbox 1299 1588 1457 1639; x_wconf 75' lang='lat' dir='ltr'>majoris</span> <span class='ocrx_word' id='word_1_392' title='bbox 1469 1588 1686 1628; x_wconf 64' lang='lat' dir='ltr'>iracundiae.</span> <span class='ocrx_word' id='word_1_393' title='bbox 1703 1590 1764 1630; x_wconf 87' lang='lat' dir='ltr'>Sic</span> 
     </span>
     <span class='ocr_line' id='line_1_73' title="bbox 944 1644 1762 1698; baseline 0.001 -12"><span class='ocrx_word' id='word_1_394' title='bbox 944 1647 1053 1686; x_wconf 86' lang='lat' dir='ltr'>enim</span> <span class='ocrx_word' id='word_1_395' title='bbox 1066 1659 1102 1698; x_wconf 94' lang='lat'>7.</span> <span class='ocrx_word' id='word_1_396' title='bbox 1111 1644 1393 1694; x_wconf 76' lang='lat' dir='ltr'>AEn.irascitur,</span> <span class='ocrx_word' id='word_1_397' title='bbox 1407 1645 1600 1691; x_wconf 77' lang='lat' dir='ltr'>ubilaetum</span> <span class='ocrx_word' id='word_1_398' title='bbox 1612 1652 1762 1688; x_wconf 80' lang='lat' dir='ltr'>AEneam</span> 
     </span>
     <span class='ocr_line' id='line_1_74' title="bbox 944 1703 1763 1760; baseline 0.002 -18"><span class='ocrx_word' id='word_1_399' title='bbox 944 1706 1054 1744; x_wconf 83' lang='lat' dir='ltr'>Siculo</span> <span class='ocrx_word' id='word_1_400' title='bbox 1060 1706 1237 1760; x_wconf 64' lang='lat' dir='ltr'>prospexit</span> <span class='ocrx_word' id='word_1_401' title='bbox 1249 1705 1293 1745; x_wconf 76' lang='lat' dir='ltr'>ab</span> <span class='ocrx_word' id='word_1_402' title='bbox 1305 1707 1411 1760; x_wconf 82' lang='lat' dir='ltr'>usque</span> <span class='ocrx_word' id='word_1_403' title='bbox 1424 1703 1600 1757; x_wconf 56' lang='lat' dir='ltr'>Paclgyno.</span> <span class='ocrx_word' id='word_1_404' title='bbox 1634 1704 1763 1744; x_wconf 79' lang='lat' dir='ltr'>Deni-</span> 
     </span>
     <span class='ocr_line' id='line_1_75' title="bbox 943 1759 1764 1816; baseline 0 -15"><span class='ocrx_word' id='word_1_405' title='bbox 943 1774 1015 1815; x_wconf 89' lang='lat' dir='ltr'>que</span> <span class='ocrx_word' id='word_1_406' title='bbox 1030 1773 1141 1801; x_wconf 84' lang='lat' dir='ltr'>notat</span> <span class='ocrx_word' id='word_1_407' title='bbox 1154 1761 1288 1816; x_wconf 85' lang='lat' dir='ltr'>Scalig.</span> <span class='ocrx_word' id='word_1_408' title='bbox 1306 1764 1330 1801; x_wconf 88' lang='lat' dir='ltr'>l.</span> <span class='ocrx_word' id='word_1_409' title='bbox 1345 1776 1383 1812; x_wconf 88' lang='lat'>4.</span> <span class='ocrx_word' id='word_1_410' title='bbox 1399 1773 1503 1812; x_wconf 80' lang='lat' dir='ltr'>c.47.</span> <span class='ocrx_word' id='word_1_411' title='bbox 1521 1759 1764 1816; x_wconf 82' lang='lat' dir='ltr'>monosylla-</span> 
     </span>
     <span class='ocr_line' id='line_1_76' title="bbox 946 1815 1756 1861; baseline 0.001 -3"><span class='ocrx_word' id='word_1_412' title='bbox 946 1817 1040 1861; x_wconf 79' lang='lat' dir='ltr'>bum</span> <span class='ocrx_word' id='word_1_413' title='bbox 1053 1822 1119 1859; x_wconf 80' lang='lat' dir='ltr'>vix</span> <span class='ocrx_word' id='word_1_414' title='bbox 1132 1818 1345 1860; x_wconf 80' lang='lat' dir='ltr'>admodum</span> <span class='ocrx_word' id='word_1_415' title='bbox 1356 1817 1514 1859; x_wconf 87' lang='lat' dir='ltr'>firmum</span> <span class='ocrx_word' id='word_1_416' title='bbox 1528 1815 1601 1859; x_wconf 80' lang='lat' dir='ltr'>effe</span> <span class='ocrx_word' id='word_1_417' title='bbox 1612 1819 1656 1859; x_wconf 86' lang='lat' dir='ltr'>in</span> <span class='ocrx_word' id='word_1_418' title='bbox 1669 1832 1756 1859; x_wconf 84' lang='lat' dir='ltr'>ora·-</span> 
     </span>
     <span class='ocr_line' id='line_1_77' title="bbox 942 1877 1690 1918; baseline -0.001 -1"><span class='ocrx_word' id='word_1_419' title='bbox 942 1877 1066 1917; x_wconf 88' lang='lat' dir='ltr'>tione.</span> <span class='ocrx_word' id='word_1_420' title='bbox 1101 1879 1245 1918; x_wconf 76' lang='lat' dir='ltr'>Tanbm.</span> <span class='ocrx_word' id='word_1_421' title='bbox 1687 1902 1690 1903; x_wconf 31' lang='grc' dir='ltr'><em>ν</em></span> 
     </span>
    </p>

    <p class='ocr_par' dir='ltr' id='par_1_22' title="bbox 1001 1932 1762 1986">
     <span class='ocr_line' id='line_1_78' title="bbox 1001 1932 1762 1986; baseline -0.003 -13"><span class='ocrx_word' id='word_1_422' title='bbox 1001 1947 1066 1986; x_wconf 84' lang='lat'>35.</span> <span class='ocrx_word' id='word_1_423' title='bbox 1099 1935 1218 1986; x_wconf 57' lang='lat' dir='ltr'>zmil]</span> <span class='ocrx_word' id='word_1_424' title='bbox 1248 1935 1320 1976; x_wconf 88' lang='lat' dir='ltr'>Vel</span> <span class='ocrx_word' id='word_1_425' title='bbox 1329 1934 1469 1974; x_wconf 79' lang='lat' dir='ltr'>alacres</span> <span class='ocrx_word' id='word_1_426' title='bbox 1483 1961 1499 1983; x_wconf 89' lang='lat'>‚</span> <span class='ocrx_word' id='word_1_427' title='bbox 1513 1932 1574 1972; x_wconf 84' lang='lat' dir='ltr'>vel</span> <span class='ocrx_word' id='word_1_428' title='bbox 1591 1933 1762 1972; x_wconf 73' lang='lat' dir='ltr'>veloces.</span> 
     </span>
    </p>

    <p class='ocr_par' dir='ltr' id='par_1_23' title="bbox 938 1989 1770 2735">
     <span class='ocr_line' id='line_1_79' title="bbox 945 1989 1767 2046; baseline -0.002 -15"><span class='ocrx_word' id='word_1_429' title='bbox 945 2001 988 2031; x_wconf 81' lang='lat' dir='ltr'>ut</span> <span class='ocrx_word' id='word_1_430' title='bbox 1000 2019 1012 2037; x_wconf 89' lang='lat'>‚</span> <span class='ocrx_word' id='word_1_431' title='bbox 1040 1998 1085 2033; x_wconf 81' lang='lat' dir='ltr'>Et</span> <span class='ocrx_word' id='word_1_432' title='bbox 1110 1995 1211 2031; x_wconf 81' lang='lat' dir='ltr'>laetus</span> <span class='ocrx_word' id='word_1_433' title='bbox 1223 1995 1300 2032; x_wconf 79' lang='lat' dir='ltr'>Eois</span> <span class='ocrx_word' id='word_1_434' title='bbox 1313 1998 1425 2032; x_wconf 82' lang='lat' dir='ltr'>Eurus</span> <span class='ocrx_word' id='word_1_435' title='bbox 1434 1990 1531 2046; x_wconf 72' lang='lat' dir='ltr'>equis</span> <span class='ocrx_word' id='word_1_436' title='bbox 1545 2017 1557 2036; x_wconf 92' lang='lat'>,</span> <span class='ocrx_word' id='word_1_437' title='bbox 1585 1991 1645 2030; x_wconf 78' lang='lat' dir='ltr'>vel</span> <span class='ocrx_word' id='word_1_438' title='bbox 1655 1989 1767 2030; x_wconf 83' lang='lat' dir='ltr'>festi-</span> 
     </span>
     <span class='ocr_line' id='line_1_80' title="bbox 943 2049 1762 2104; baseline 0 -16"><span class='ocrx_word' id='word_1_439' title='bbox 943 2060 1081 2089; x_wconf 85' lang='lat' dir='ltr'>nantes</span> <span class='ocrx_word' id='word_1_440' title='bbox 1095 2065 1108 2095; x_wconf 90' lang='lat'>‚·</span> <span class='ocrx_word' id='word_1_441' title='bbox 1133 2061 1176 2090; x_wconf 89' lang='lat' dir='ltr'>ut</span> <span class='ocrx_word' id='word_1_442' title='bbox 1186 2078 1197 2097; x_wconf 95' lang='lat'>‚</span> <span class='ocrx_word' id='word_1_443' title='bbox 1223 2054 1268 2090; x_wconf 78' lang='lat' dir='ltr'>Et</span> <span class='ocrx_word' id='word_1_444' title='bbox 1278 2053 1406 2104; x_wconf 76' lang='lat' dir='ltr'>virgea</span> <span class='ocrx_word' id='word_1_445' title='bbox 1417 2052 1517 2088; x_wconf 78' lang='lat' dir='ltr'>laetus</span> <span class='ocrx_word' id='word_1_446' title='bbox 1530 2050 1690 2096; x_wconf 78' lang='lat' dir='ltr'>Pabula,</span> <span class='ocrx_word' id='word_1_447' title='bbox 1719 2049 1762 2088; x_wconf 83' lang='lat'>&amp;</span> 
     </span>
     <span class='ocr_line' id='line_1_81' title="bbox 939 2105 1762 2161; baseline 0.001 -16"><span class='ocrx_word' id='word_1_448' title='bbox 939 2105 1036 2146; x_wconf 85' lang='lat' dir='ltr'>alibi</span> <span class='ocrx_word' id='word_1_449' title='bbox 1050 2135 1066 2156; x_wconf 87' lang='lat'><em>,</em></span> <span class='ocrx_word' id='word_1_450' title='bbox 1093 2111 1134 2147; x_wconf 84' lang='lat' dir='ltr'>Et</span> <span class='ocrx_word' id='word_1_451' title='bbox 1157 2109 1293 2148; x_wconf 77' lang='lat' dir='ltr'>armari</span> <span class='ocrx_word' id='word_1_452' title='bbox 1300 2107 1427 2161; x_wconf 80' lang='lat' dir='ltr'>pubem</span> <span class='ocrx_word' id='word_1_453' title='bbox 1436 2107 1612 2161; x_wconf 53' lang='lat' dir='ltr'>portisque</span> <span class='ocrx_word' id='word_1_454' title='bbox 1625 2108 1762 2146; x_wconf 76' lang='lat' dir='ltr'>moveri</span> 
     </span>
     <span class='ocr_line' id='line_1_82' title="bbox 941 2161 1763 2219; baseline 0.001 -16"><span class='ocrx_word' id='word_1_455' title='bbox 941 2170 1051 2204; x_wconf 74' lang='lat' dir='ltr'>Laetus</span> <span class='ocrx_word' id='word_1_456' title='bbox 1071 2167 1109 2204; x_wconf 87' lang='lat' dir='ltr'>in</span> <span class='ocrx_word' id='word_1_457' title='bbox 1132 2179 1233 2205; x_wconf 71' lang='lat' dir='ltr'>arma</span> <span class='ocrx_word' id='word_1_458' title='bbox 1251 2166 1335 2219; x_wconf 75' lang='lat' dir='ltr'>jube</span> <span class='ocrx_word' id='word_1_459' title='bbox 1347 2193 1359 2211; x_wconf 90' lang='lat'>,</span> <span class='ocrx_word' id='word_1_460' title='bbox 1387 2163 1428 2205; x_wconf 79' lang='lat' dir='ltr'>id</span> <span class='ocrx_word' id='word_1_461' title='bbox 1441 2161 1510 2209; x_wconf 87' lang='lat' dir='ltr'>est,</span> <span class='ocrx_word' id='word_1_462' title='bbox 1521 2161 1661 2202; x_wconf 85' lang='lat' dir='ltr'>festina</span> <span class='ocrx_word' id='word_1_463' title='bbox 1671 2177 1763 2204; x_wconf 83' lang='lat' dir='ltr'>cum</span> 
     </span>
     <span class='ocr_line' id='line_1_83' title="bbox 945 2220 1769 2274; baseline -0.001 -13"><span class='ocrx_word' id='word_1_464' title='bbox 945 2222 1183 2262; x_wconf 84' lang='lat' dir='ltr'>intentione.</span> <span class='ocrx_word' id='word_1_465' title='bbox 1213 2223 1285 2263; x_wconf 88' lang='lat' dir='ltr'>Vel</span> <span class='ocrx_word' id='word_1_466' title='bbox 1311 2235 1352 2262; x_wconf 87' lang='lat' dir='ltr'>re</span> <span class='ocrx_word' id='word_1_467' title='bbox 1380 2233 1466 2262; x_wconf 86' lang='lat' dir='ltr'>vera</span> <span class='ocrx_word' id='word_1_468' title='bbox 1490 2220 1569 2260; x_wconf 86' lang='lat' dir='ltr'>laeti</span> <span class='ocrx_word' id='word_1_469' title='bbox 1585 2234 1594 2258; x_wconf 91' lang='lat'><strong>:</strong></span> <span class='ocrx_word' id='word_1_470' title='bbox 1623 2234 1769 2274; x_wconf 85' lang='lat' dir='ltr'>quarn-</span> 
     </span>
     <span class='ocr_line' id='line_1_84' title="bbox 938 2276 1766 2334; baseline -0.001 -15"><span class='ocrx_word' id='word_1_471' title='bbox 938 2292 1054 2334; x_wconf 80' lang='lat' dir='ltr'>quam</span> <span class='ocrx_word' id='word_1_472' title='bbox 1085 2279 1318 2333; x_wconf 86' lang='lat' dir='ltr'>incogruum</span> <span class='ocrx_word' id='word_1_473' title='bbox 1347 2277 1391 2319; x_wconf 86' lang='lat' dir='ltr'>fit</span> <span class='ocrx_word' id='word_1_474' title='bbox 1415 2307 1428 2325; x_wconf 90' lang='lat'>,</span> <span class='ocrx_word' id='word_1_475' title='bbox 1468 2278 1553 2330; x_wconf 86' lang='lat' dir='ltr'>post</span> <span class='ocrx_word' id='word_1_476' title='bbox 1585 2276 1766 2318; x_wconf 79' lang='lat' dir='ltr'>Anchisae</span> 
     </span>
     <span class='ocr_line' id='line_1_85' title="bbox 943 2333 1768 2377; baseline 0.001 -2"><span class='ocrx_word' id='word_1_477' title='bbox 943 2348 1125 2377; x_wconf 89' lang='lat' dir='ltr'>mortem.</span> <span class='ocrx_word' id='word_1_478' title='bbox 1153 2335 1216 2377; x_wconf 85' lang='lat' dir='ltr'>sed</span> <span class='ocrx_word' id='word_1_479' title='bbox 1236 2337 1470 2376; x_wconf 85' lang='lat' dir='ltr'>&amp;interitus</span> <span class='ocrx_word' id='word_1_480' title='bbox 1483 2333 1617 2375; x_wconf 83' lang='lat' dir='ltr'>senum</span> <span class='ocrx_word' id='word_1_481' title='bbox 1634 2336 1768 2376; x_wconf 77' lang='lat' dir='ltr'>minus</span> 
     </span>
     <span class='ocr_line' id='line_1_86' title="bbox 946 2392 1766 2448; baseline 0.001 -16"><span class='ocrx_word' id='word_1_482' title='bbox 946 2394 1100 2435; x_wconf 89' lang='lat' dir='ltr'>doletur</span> <span class='ocrx_word' id='word_1_483' title='bbox 1114 2424 1124 2441; x_wconf 88' lang='lat'><em>‚</em></span> <span class='ocrx_word' id='word_1_484' title='bbox 1153 2397 1193 2435; x_wconf 85' lang='lat'>&amp;</span> <span class='ocrx_word' id='word_1_485' title='bbox 1209 2395 1331 2448; x_wconf 78' lang='lat' dir='ltr'>magis</span> <span class='ocrx_word' id='word_1_486' title='bbox 1342 2395 1449 2433; x_wconf 80' lang='lat' dir='ltr'>laetos</span> <span class='ocrx_word' id='word_1_487' title='bbox 1461 2392 1766 2445; x_wconf 86' lang='lat' dir='ltr'>intelligendum</span> 
     </span>
     <span class='ocr_line' id='line_1_87' title="bbox 950 2448 1770 2498; baseline 0.001 -8"><span class='ocrx_word' id='word_1_488' title='bbox 950 2451 1002 2490; x_wconf 89' lang='lat' dir='ltr'>est</span> <span class='ocrx_word' id='word_1_489' title='bbox 1018 2480 1028 2497; x_wconf 90' lang='lat'><strong>,</strong></span> <span class='ocrx_word' id='word_1_490' title='bbox 1056 2463 1097 2491; x_wconf 89' lang='lat' dir='ltr'>ut</span> <span class='ocrx_word' id='word_1_491' title='bbox 1125 2450 1169 2491; x_wconf 88' lang='lat' dir='ltr'>fit</span> <span class='ocrx_word' id='word_1_492' title='bbox 1182 2448 1286 2491; x_wconf 82' lang='lat' dir='ltr'>causa</span> <span class='ocrx_word' id='word_1_493' title='bbox 1301 2450 1461 2498; x_wconf 76' lang='lat' dir='ltr'>maioris</span> <span class='ocrx_word' id='word_1_494' title='bbox 1475 2450 1689 2489; x_wconf 65' lang='lat' dir='ltr'>iracundiae.</span> <span class='ocrx_word' id='word_1_495' title='bbox 1719 2450 1770 2491; x_wconf 80' lang='lat' dir='ltr'>fic</span> 
     </span>
     <span class='ocr_line' id='line_1_88' title="bbox 950 2505 1770 2561; baseline 0.002 -15"><span class='ocrx_word' id='word_1_496' title='bbox 950 2508 1059 2547; x_wconf 88' lang='lat' dir='ltr'>enim</span> <span class='ocrx_word' id='word_1_497' title='bbox 1074 2510 1114 2547; x_wconf 72' lang='grc' dir='ltr'>ὃ(</span> <span class='ocrx_word' id='word_1_498' title='bbox 1130 2508 1172 2548; x_wconf 86' lang='lat' dir='ltr'>in</span> <span class='ocrx_word' id='word_1_499' title='bbox 1183 2506 1347 2561; x_wconf 77' lang='lat' dir='ltr'>septimo</span> <span class='ocrx_word' id='word_1_500' title='bbox 1361 2505 1550 2553; x_wconf 83' lang='lat' dir='ltr'>irascitur;</span> <span class='ocrx_word' id='word_1_501' title='bbox 1572 2506 1640 2548; x_wconf 86' lang='lat' dir='ltr'>ubi</span> <span class='ocrx_word' id='word_1_502' title='bbox 1651 2511 1770 2548; x_wconf 62' lang='lat' dir='ltr'>lectum</span> 
     </span>
     <span class='ocr_line' id='line_1_89' title="bbox 950 2565 1768 2622; baseline 0.001 -18"><span class='ocrx_word' id='word_1_503' title='bbox 950 2571 1095 2605; x_wconf 80' lang='lat' dir='ltr'>AEneam</span> <span class='ocrx_word' id='word_1_504' title='bbox 1107 2569 1220 2605; x_wconf 83' lang='lat' dir='ltr'>Siculo</span> <span class='ocrx_word' id='word_1_505' title='bbox 1230 2565 1408 2622; x_wconf 69' lang='lat' dir='ltr'>prospexit</span> <span class='ocrx_word' id='word_1_506' title='bbox 1421 2567 1464 2605; x_wconf 81' lang='lat' dir='ltr'>ab</span> <span class='ocrx_word' id='word_1_507' title='bbox 1476 2567 1582 2619; x_wconf 69' lang='lat' dir='ltr'>usiyue</span> <span class='ocrx_word' id='word_1_508' title='bbox 1598 2565 1768 2619; x_wconf 78' lang='lat' dir='ltr'>Pachyn-</span> 
     </span>
     <span class='ocr_line' id='line_1_90' title="bbox 948 2621 1763 2679; baseline 0.004 -18"><span class='ocrx_word' id='word_1_509' title='bbox 948 2639 1004 2663; x_wconf 67' lang='grc' dir='ltr'>πο.</span> <span class='ocrx_word' id='word_1_510' title='bbox 1035 2624 1094 2663; x_wconf 85' lang='lat' dir='ltr'>vel</span> <span class='ocrx_word' id='word_1_511' title='bbox 1120 2624 1214 2662; x_wconf 81' lang='lat' dir='ltr'>Laeti</span> <span class='ocrx_word' id='word_1_512' title='bbox 1229 2651 1241 2669; x_wconf 91' lang='lat'><strong>,</strong></span> <span class='ocrx_word' id='word_1_513' title='bbox 1270 2621 1479 2673; x_wconf 62' lang='grc' dir='ltr'>ωρρθυμσι.</span> <span class='ocrx_word' id='word_1_514' title='bbox 1511 2632 1553 2662; x_wconf 89' lang='lat' dir='ltr'>ut</span> <span class='ocrx_word' id='word_1_515' title='bbox 1568 2626 1763 2679; x_wconf 76' lang='lat' dir='ltr'>Omnisque</span> 
     </span>
     <span class='ocr_line' id='line_1_91' title="bbox 946 2680 1460 2735; baseline 0.002 -17"><span class='ocrx_word' id='word_1_516' title='bbox 946 2684 1116 2735; x_wconf 76' lang='lat' dir='ltr'>juventus</span> <span class='ocrx_word' id='word_1_517' title='bbox 1129 2687 1223 2720; x_wconf 67' lang='lat' dir='ltr'>Laeta</span> <span class='ocrx_word' id='word_1_518' title='bbox 1229 2683 1264 2732; x_wconf 88' lang='lat' dir='ltr'><em>f</em></span> <span class='ocrx_word' id='word_1_519' title='bbox 1298 2680 1460 2721; x_wconf 86' lang='lat' dir='ltr'>Servius.</span> 
     </span>
    </p>

    <p class='ocr_par' dir='ltr' id='par_1_24' title="bbox 952 2738 1774 2951">
     <span class='ocr_line' id='line_1_92' title="bbox 1008 2738 1774 2791; baseline -0.004 -12"><span class='ocrx_word' id='word_1_520' title='bbox 1008 2742 1099 2779; x_wconf 84' lang='lat' dir='ltr'>Vela</span> <span class='ocrx_word' id='word_1_521' title='bbox 1111 2738 1250 2779; x_wconf 76' lang='lat' dir='ltr'>dabant</span> <span class='ocrx_word' id='word_1_522' title='bbox 1261 2738 1372 2790; x_wconf 55' lang='grc' dir='ltr'>[κτλ]</span> <span class='ocrx_word' id='word_1_523' title='bbox 1401 2742 1608 2791; x_wconf 89' lang='lat' dir='ltr'>Utrunque</span> <span class='ocrx_word' id='word_1_524' title='bbox 1621 2747 1774 2791; x_wconf 70' lang='lat' dir='ltr'>tempti-</span> 
     </span>
     <span class='ocr_line' id='line_1_93' title="bbox 952 2792 1774 2850; baseline 0.001 -16"><span class='ocrx_word' id='word_1_525' title='bbox 952 2805 1023 2834; x_wconf 88' lang='lat' dir='ltr'>rat.</span> <span class='ocrx_word' id='word_1_526' title='bbox 1055 2799 1155 2835; x_wconf 83' lang='lat' dir='ltr'>Nam</span> <span class='ocrx_word' id='word_1_527' title='bbox 1183 2796 1265 2835; x_wconf 75' lang='lat' dir='ltr'>lxti</span> <span class='ocrx_word' id='word_1_528' title='bbox 1277 2808 1389 2835; x_wconf 82' lang='lat' dir='ltr'>erant</span> <span class='ocrx_word' id='word_1_529' title='bbox 1401 2823 1418 2844; x_wconf 88' lang='lat'><em>‚</em></span> <span class='ocrx_word' id='word_1_530' title='bbox 1431 2794 1535 2850; x_wconf 88' lang='lat' dir='ltr'>quod</span> <span class='ocrx_word' id='word_1_531' title='bbox 1547 2792 1669 2835; x_wconf 72' lang='lat' dir='ltr'>efflent</span> <span class='ocrx_word' id='word_1_532' title='bbox 1683 2809 1774 2848; x_wconf 83' lang='lat' dir='ltr'>pro-</span> 
     </span>
     <span class='ocr_line' id='line_1_94' title="bbox 953 2850 1773 2907; baseline 0.004 -16"><span class='ocrx_word' id='word_1_533' title='bbox 953 2853 1085 2907; x_wconf 89' lang='lat' dir='ltr'>pinqui</span> <span class='ocrx_word' id='word_1_534' title='bbox 1101 2853 1231 2893; x_wconf 78' lang='lat' dir='ltr'>Italiae:</span> <span class='ocrx_word' id='word_1_535' title='bbox 1260 2853 1330 2893; x_wconf 82' lang='lat' dir='ltr'>Sed</span> <span class='ocrx_word' id='word_1_536' title='bbox 1345 2865 1473 2894; x_wconf 90' lang='lat' dir='ltr'>morte</span> <span class='ocrx_word' id='word_1_537' title='bbox 1487 2850 1663 2892; x_wconf 74' lang='lat' dir='ltr'>Anchisae</span> <span class='ocrx_word' id='word_1_538' title='bbox 1673 2866 1773 2894; x_wconf 84' lang='lat' dir='ltr'>con-</span> 
     </span>
     <span class='ocr_line' id='line_1_95' title="bbox 954 2910 1605 2951; baseline -0.002 -1"><span class='ocrx_word' id='word_1_539' title='bbox 954 2910 1093 2951; x_wconf 80' lang='lat' dir='ltr'>tristati</span> <span class='ocrx_word' id='word_1_540' title='bbox 1109 2911 1166 2950; x_wconf 78' lang='lat' dir='ltr'>vix</span> <span class='ocrx_word' id='word_1_541' title='bbox 1176 2921 1285 2949; x_wconf 81' lang='lat' dir='ltr'>erant</span> <span class='ocrx_word' id='word_1_542' title='bbox 1295 2911 1383 2950; x_wconf 75' lang='lat' dir='ltr'>laeti.</span> <span class='ocrx_word' id='word_1_543' title='bbox 1421 2916 1605 2951; x_wconf 75' lang='lat' dir='ltr'>‘Donatus-</span> 
     </span>
    </p>

    <p class='ocr_par' dir='ltr' id='par_1_25' title="bbox 955 2966 1779 3197">
     <span class='ocr_line' id='line_1_96' title="bbox 1012 2966 1774 3020; baseline 0.001 -13"><span class='ocrx_word' id='word_1_544' title='bbox 1012 2968 1141 3020; x_wconf 82' lang='lat' dir='ltr'>Salis.]</span> <span class='ocrx_word' id='word_1_545' title='bbox 1172 2968 1308 3014; x_wconf 84' lang='lat' dir='ltr'>Maris,</span> <span class='ocrx_word' id='word_1_546' title='bbox 1320 2966 1526 3008; x_wconf 67' lang='lat' dir='ltr'>stcundum</span> <span class='ocrx_word' id='word_1_547' title='bbox 1540 2971 1774 3008; x_wconf 84' lang='lat' dir='ltr'>Homerum.</span> 
     </span>
     <span class='ocr_line' id='line_1_97' title="bbox 956 3023 1776 3080; baseline 0 -15"><span class='ocrx_word' id='word_1_548' title='bbox 956 3027 1081 3066; x_wconf 84' lang='lat' dir='ltr'>Salem</span> <span class='ocrx_word' id='word_1_549' title='bbox 1112 3037 1241 3066; x_wconf 71' lang='lat' dir='ltr'>autern</span> <span class='ocrx_word' id='word_1_550' title='bbox 1271 3039 1349 3080; x_wconf 83' lang='lat' dir='ltr'>quo</span> <span class='ocrx_word' id='word_1_551' title='bbox 1378 3027 1524 3066; x_wconf 85' lang='lat' dir='ltr'>utimur</span> <span class='ocrx_word' id='word_1_552' title='bbox 1552 3052 1566 3071; x_wconf 90' lang='lat'>,</span> <span class='ocrx_word' id='word_1_553' title='bbox 1595 3023 1776 3079; x_wconf 68' lang='lat' dir='ltr'>singulari</span> 
     </span>
     <span class='ocr_line' id='line_1_98' title="bbox 956 3084 1779 3136; baseline 0 -14"><span class='ocrx_word' id='word_1_554' title='bbox 956 3095 1121 3122; x_wconf 84' lang='lat' dir='ltr'>nurnero</span> <span class='ocrx_word' id='word_1_555' title='bbox 1146 3092 1299 3123; x_wconf 83' lang='lat' dir='ltr'>tantum</span> <span class='ocrx_word' id='word_1_556' title='bbox 1315 3084 1479 3123; x_wconf 84' lang='lat' dir='ltr'>dicimus</span> <span class='ocrx_word' id='word_1_557' title='bbox 1498 3097 1507 3122; x_wconf 93' lang='lat'>:</span> <span class='ocrx_word' id='word_1_558' title='bbox 1532 3095 1651 3136; x_wconf 88' lang='lat' dir='ltr'>quum</span> <span class='ocrx_word' id='word_1_559' title='bbox 1666 3085 1779 3131; x_wconf 81' lang='lat' dir='ltr'>jocos</span> 
     </span>
     <span class='ocr_line' id='line_1_99' title="bbox 955 3139 1779 3197; baseline 0 -17"><span class='ocrx_word' id='word_1_560' title='bbox 955 3139 1210 3196; x_wconf 67' lang='lat' dir='ltr'>significamus</span> <span class='ocrx_word' id='word_1_561' title='bbox 1224 3170 1238 3191; x_wconf 87' lang='lat'><em>‚</em></span> <span class='ocrx_word' id='word_1_562' title='bbox 1266 3141 1451 3197; x_wconf 75' lang='lat' dir='ltr'>pluralem</span> <span class='ocrx_word' id='word_1_563' title='bbox 1469 3152 1675 3182; x_wconf 83' lang='lat' dir='ltr'>numerum</span> <span class='ocrx_word' id='word_1_564' title='bbox 1691 3151 1779 3180; x_wconf 83' lang='lat' dir='ltr'>tan-</span> 
     </span>
    </p>

    <p class='ocr_par' dir='ltr' id='par_1_26' title="bbox 1691 3208 1776 3241">
     <span class='ocr_line' id='line_1_100' title="bbox 1691 3208 1776 3241; baseline 0.035 -3"><span class='ocrx_word' id='word_1_565' title='bbox 1691 3208 1776 3241; x_wconf 67' lang='lat' dir='ltr'>tum</span> 
     </span>
    </p>
   </div>
  </div>
 </body>
</html>
