2037 3787
287 118 400 202 53²⁵
761 116 826 169 P·
908 111 970 168 V
1015 121 1059 164 t·
1085 127 1126 168 R

1171 118 1508 169 G1L1i

295 222 396 293 385
414 214 485 271 Et
500 210 611 269 salis
630 204 850 268 Ausonii
861 204 1181 264 lustrandum
1199 206 1412 266 navibus
1428 212 1639 289 aequor2'

415 293 716 371 Infernique
732 293 873 348 lacus
888 327 906 355 ,
937 291 1191 369 AEaeaeque
1207 287 1367 347 insula
1383 294 1567 350 Circes
1583 331 1602 360 ‚

424 382 602 450 Qam
620 392 728 431 tuta
744 369 903 452 poffis
919 370 1106 429 urbem
1124 387 1427 452 conponere
1441 392 1598 438 tetra.

418 459 573 534 Signa
585 457 683 515 tibi
697 457 867 514 dicam
885 478 898 511 :
934 471 991 511 tu
1005 453 1215 512 condita
1230 475 1410 514 mente
1427 475 1630 519 teneto·

422 543 564 598 Cum
583 539 678 598 tibi
694 537 921 598 sollicito
939 535 1121 595 secreti
1134 536 1197 594 ad
1216 536 1444 598 fluminis
1461 541 1653 601 undam

297 641 323 701 3
331 643 409 700 90
424 624 652 682 Litoreis
666 624 850 706 ingens
862 623 1077 682 inventa
1093 617 1183 678 sub
1199 621 1398 679 ilicibus
1412 620 1492 680 sus

1852 705 1985 765 Tri-
2036 784 2037 787 Ἴ

363 823 461 876 385.
494 821 771 879 Lustrandum.]
817 823 882 866 Est
906 823 981 866 hoc
996 822 1113 881 'quod
1165 835 1296 865 autem
1311 851 1328 874 ‚
1351 834 1510 879 propter
1534 822 1898 870 Thraciae&cretae
1910 824 1990 868 dis·
2036 806 2037 828 ;

296 879 436 920 Strabo
449 878 564 922 lib-6.
583 881 860 935 w‘ewrmopsspov
871 881 1034 938 χωελον,
1064 889 1111 923 lo-

292 952 352 977 cus
375 940 608 994 navigatione
635 939 920 982 circumdandus.
953 944 1115 980 Iterum:

291 992 495 1046 ΚαίμπἼε-ιν
507 994 582 1038 vlu>
595 993 712 1051 diepam
725 1010 738 1037 ε
763 997 1118 1054 circumflec‘lerepro-

292 1055 514 1093 montorium.
547 1054 690 1094 Cetda.

355 1111 450 1163 386.
484 1113 694 1167 Infhrnique
715 1111 861 1163 lacus.]
903 1110 1117 1152 Lucrinum

298 1167 341 1206 &
367 1173 568 1208 Avernum
592 1169 716 1209 dicit:
744 1168 848 1209 inter
861 1182 958 1224 quos
972 1165 1119 1221 estspe-

293 1224 410 1264 lunca
423 1253 439 1273 ,
480 1238 546 1279 per
571 1238 686 1279 quam
713 1227 762 1266 ad
789 1225 937 1266 inferos
959 1223 1118 1266 descen-

296 1279 488 1328 debatur,
515 1283 616 1322 unde
628 1296 696 1323 eos
708 1282 980 1336 dixitinfhrnos.
1013 1287 1115 1323 Serv.

357 1345 524 1394 AEaeaeque
535 1342 649 1393 infida
664 1339 904 1397 Circes.]Q1i
917 1352 1022 1381 nunc
1035 1343 1120 1380 Cir-

295 1399 386 1449 cejua
412 1413 510 1436 mons
533 1393 556 1436 a
580 1399 696 1437 Circe
708 1397 860 1438 dicitur.
889 1397 1119 1452 aliquando,

299 1464 343 1492 ut
355 1458 475 1494 Varro
486 1452 583 1493 dicit
597 1482 609 1501 ‚
633 1451 760 1495 insula
773 1453 848 1495 fuit
860 1455 1038 1495 nondum
1052 1453 1120 1503 fic-

298 1512 396 1550 catis
420 1509 620 1564 paludibus
637 1540 649 1557 ‚
673 1525 754 1567 quae
778 1525 866 1552 earn
891 1510 1121 1553 dividebant

301 1562 326 1607 31
351 1569 592 1608 continenti.
625 1575 723 1612 AEaea
745 1581 877 1610 autern
891 1568 991 1610 ditia
1003 1567 1052 1608 ab
1067 1566 1123 1608 as-

299 1628 553 1678 pernantium
577 1638 699 1677 voce,
734 1638 890 1681 propter
913 1625 1124 1667 celebratas

303 1682 386 1722 illic
408 1683 615 1737 coquorum
641 1685 907 1732 mutationes:
935 1684 1039 1725 unde
1052 1682 1121 1731 est,

301 1739 492 1794 Inacceffbs
515 1743 576 1782 ubi
600 1743 689 1782 Solis
705 1743 788 1790 filia
811 1746 917 1783 lucos.
942 1748 1043 1784 AEaeae
1055 1753 1122 1781 au-

304 1806 389 1837 tem
412 1808 490 1837 tres
513 1796 601 1839 sunt
614 1797 876 1853 diphthongi:
906 1812 999 1839 nam
1011 1798 1123 1853 geni-

306 1853 409 1895 tivus
432 1853 488 1894 est
512 1854 560 1895 ab
586 1862 693 1899 AEaea.
740 1855 912 1910 Qidam
937 1862 1031 1900 AEaea
1053 1867 1123 1907 pro

309 1914 394 1952 Eoia
407 1939 423 1959 ,
448 1912 491 1952 id
502 1911 555 1952 est
567 1940 580 1958 ‚
596 1912 799 1954 orientalis
812 1941 825 1961 ,
839 1926 919 1968 quae
933 1913 1033 1953 Solis
1043 1911 1125 1951 filia

300 1968 496 2018 traditur,
531 1969 736 2023 accipiunt.
780 1971 865 2012 Alii
902 1983 985 2010 non
1010 1970 1125 2009 Circe

310 2033 408 2070 AEaea
419 2054 434 2074 ‚
457 2024 522 2067 sed
538 2024 660 2067 instlla
673 2055 685 2074 ,
700 2040 781 2083 quae
795 2030 836 2068 δε
849 2034 959 2069 AEaea.
994 2027 1121 2066 Idem.

368 2080 521 2137 cireen]
552 2088 601 2124 In
613 2084 811 2126 codicibus
823 2085 990 2141 antiquis
1003 2083 1124 2124 modo

308 2143 409 2193 Circe
422 2154 488 2195 per
501 2139 766 2189 abjefflonem
792 2159 809 2183 s
830 2142 973 2182 literae:
1001 2141 1125 2181 modo

307 2201 421 2240 σίνερε
430 2211 518 2240 cum
529 2198 920 2254 diphthongoLatino
932 2198 1127 2240 declinata

304 2254 492 2309 scriptum
517 2256 677 2296 inveni:
707 2257 812 2313 quod
834 2255 984 2310 prorsus
997 2256 1127 2306 rejici-

307 2323 382 2353 tur.
418 2317 536 2355 Circes
560 2326 651 2355 vero
674 2314 857 2356 omnium
868 2310 1056 2356 consensu
1066 2326 1127 2354 re-

306 2369 460 2425 cipitur.
492 2374 647 2412 Pierius.

306 2430 309 2432 ’
366 2435 466 2469 AEaeae
479 2426 967 2485 Circes.]Turneb.l.7.cap.
978 2430 1131 2479 14.Ma-

309 2492 454 2525 ronem
478 2513 496 2534 ‚
537 2488 702 2527 Homeri
739 2487 945 2540 exemplo,
985 2486 1128 2526 Circen

314 2547 446 2582 AEaeam
468 2541 616 2584 vocassb
637 2555 756 2598 putat.
790 2547 882 2584 Erat
904 2553 1034 2584 autem
1061 2549 1129 2583 AEa

313 2597 364 2639 ad
388 2598 522 2640 Phasin
545 2613 705 2641 amnem
729 2598 930 2655 peninsula
945 2628 958 2648 ,
982 2612 1131 2640 metro-

312 2657 419 2709 polis
444 2657 714 2699 Colchorum:
741 2669 783 2698 ut
797 2657 841 2699 fit
851 2665 946 2701 AEaea
961 2658 1131 2698 colchica.-

315 2723 432 2767 atque
453 2712 624 2764 ejusdem
649 2715 828 2755 nominis
841 2716 961 2755 etiam
973 2716 1128 2754 eratin-

313 2766 394 2810 sula
420 2772 570 2812 Circes.
601 2779 672 2812 AEae
696 2771 1129 2812 Colchorum&Hero-

314 2826 399 2868 dot.
428 2827 499 2868 lib.
519 2843 550 2870 1.
577 2829 776 2869 meminit.
818 2829 914 2870 vide
940 2829 980 2868 &
1006 2831 1129 2868 Hom.

318 2883 452 2939 odyss
466 2883 540 2925 lib.
553 2900 617 2928 12.
640 2886 772 2926 initio.
807 2891 895 2944 Jam
909 2889 1017 2926 MSS.
1035 2895 1128 2925 vett.

314 2941 452 2995 legunt
465 2946 590 2990 Circae,
601 2944 746 2983 Latino
757 2942 964 2984 declinatu.
981 2945 1132 2983 Taubm.

380 3001 471 3050 387.
506 3005 627 3054 Qam
648 3012 733 3041 tuta
750 3001 853 3055 poſsis
887 3002 1131 3054 urbemconpo-

1166 881 1348 922 crimina.
1374 886 1528 923 Servius.

1229 939 1322 992 388.
1351 942 1460 994 Signa
1481 943 1552 982 cibi
1573 940 1732 994 dicam]
1763 941 1876 982 Deest
1889 957 1985 997 ergo.-
2010 985 2012 989 ,

1170 1000 1219 1035 Et
1248 999 1465 1037 notandum
1493 998 1581 1052 quia
1595 1011 1677 1038 non
1690 1011 1740 1038 eo
1753 999 1893 1039 ordine
1907 1010 1988 1053 quo

1168 1050 1396 1106 praemiserat
1411 1082 1426 1102 ,
1452 1053 1559 1095 dicit.
1592 1060 1700 1094 Ante
1712 1057 1821 1095 enim
1834 1055 1927 1096 dicit
1938 1055 1995 1095 de·
2005 1077 2017 1093 ι.

1167 1111 1325 1151 civitate
1345 1110 1576 1153 condenda:
1603 1110 1652 1154 fic
1675 1112 1723 1153 de
1735 1124 1817 1154 tuta
1830 1113 1989 1168 naviga-
2010 1115 2011 1118 ’

1172 1169 1296 1208 tione.
1330 1168 1446 1209 Idem.
2006 1196 2018 1223 3

1227 1227 1335 1281 Signa
1346 1228 1412 1267 tibi
1424 1225 1868 1280 dicam.]commendat‚
1881 1225 1988 1281 quod
2003 1245 2017 1273 ¹.

1165 1280 1288 1322 fuerat
1311 1283 1505 1331 dieamus,
1528 1295 1571 1324 ut
1583 1283 1803 1324 ostenderet
1826 1284 1864 1324 id
1904 1296 2007 1326 mei-,3

1169 1353 1292 1394 gnum
1317 1338 1391 1381 esse
1406 1343 1446 1381 &
1461 1354 1593 1382 verum
1609 1354 1620 1379 ε
1649 1341 1790 1382 deinde
1802 1342 1868 1381 dat
1883 1340 1988 1394 figna
2012 1390 2015 1394 r

1170 1397 1342 1437 fluminis
1354 1427 1369 1448 ,
1382 1397 1446 1438 dat
1461 1411 1596 1452 porcae,
1613 1397 1677 1438 dat
1690 1411 1898 1439 numerum
1908 1398 1988 1438 foe-
2012 1438 2015 1445 ,

1169 1464 1256 1500 ως,
1287 1454 1353 1494 dat
1374 1451 1562 1495 colorem.
1595 1455 1700 1510 quod
1725 1454 1752 1495 fi
1776 1454 1829 1496 est
1853 1465 1989 1509 ptaetet

1171 1522 1348 1552 naturam
1383 1526 1539 1567 porcam
1576 1512 1688 1553 edere
1713 1526 1815 1552 xxx.
1864 1513 1987 1553 multa
2015 1522 2018 1526 ’

1169 1565 1329 1623 persaepe
1343 1596 1359 1617 ,
1382 1583 1462 1626 quae
1491 1568 1642 1610 bonum
1655 1581 1719 1611 aut
1732 1571 1878 1610 malurn
1891 1582 1989 1623 por-

1172 1625 1381 1666 tenderent
1394 1656 1408 1677 ,
1423 1640 1637 1667 evenerunt
1649 1638 1780 1681 ptaeter
1794 1639 1989 1675 naturam,
2015 1625 2017 1628 ⁴

1172 1695 1214 1724 ut
1239 1683 1344 1737 ignis
1368 1697 1411 1725 ex
1435 1684 1560 1738 capite
1573 1682 1730 1725 Ascanii
1743 1684 1990 1724 mitis&in-

1173 1741 1338 1788 noxius,
1366 1753 1408 1782 ut
1432 1742 1477 1782 in
1505 1740 1679 1782 Polidori
1692 1739 1890 1794 sepulchro
1902 1739 1990 1782 san-

1172 1798 1258 1852 guis
1281 1811 1325 1838 ex
1340 1797 1591 1839 viminibus:
1619 1810 1663 1841 ut
1676 1811 1747 1841 vox
1760 1797 1929 1839 humana
1942 1811 1989 1841 ex

1172 1854 1395 1909 pecudibus.
1430 1860 1605 1896 Donatus.

1229 1915 1324 1966 389.
1352 1919 1487 1955 Secretz'
1507 1913 1559 1953 ad
1561 1912 1726 1967 fluminis
1738 1910 1913 1966 undam]
1938 1910 1986 1954 Id

1173 1966 1228 2008 est
1240 1997 1254 2016 ,
1267 1968 1472 2025 Tyberini.
1500 1973 1651 2010 Servius.

1230 2027 1406 2081 Undam]
1437 2031 1487 2067 In
1509 2025 1710 2068 codicibus
1720 2025 1869 2082 aliquot
1879 2026 1989 2067 anti-

1171 2083 1256 2137 quis
1279 2084 1392 2125 undas
1412 2085 1579 2138 legitur,
1604 2082 1667 2123 sed
1691 2081 1888 2136 pluralitas
1915 2084 2008 2126 hu-·

1173 2138 1343 2191 jusmodi
1354 2143 1451 2183 mari
1461 2142 1592 2196 potius
1603 2140 1753 2182 videtur
1763 2144 1986 2184 convenire.

1176 2200 1330 2239 Pierius.
2014 2206 2015 2209 ’

1246 2269 1338 2310 390.
1368 2256 1522 2297 Litoreis.
1541 2255 1561 2308 ]
1602 2257 1700 2296 Litus
1721 2252 1861 2295 dicitur
1883 2253 1990 2310 quic.
2013 2283 2017 2294 ‚

1175 2311 1266 2367 quid
1290 2314 1391 2362 juxta
1413 2325 1551 2369 aquam
1565 2311 1642 2353 est:
1672 2311 1990 2366 underipamflu-
2022 2359 2025 2362 Δ

1175 2369 1299 2410 minis
1310 2374 1394 2412 litus
1407 2372 1569 2412 vocavit.
1603 2372 1762 2410 Servius.

1226 2430 1388 2469 Litoreis.
1402 2429 1420 2481 ]
1449 2433 1512 2469 De
1522 2427 1684 2469 flumine
1695 2426 1867 2482 loquitur
1878 2427 1919 2467 &
1934 2436 1990 2466 ra-

1176 2490 1271 2526 men
1294 2486 1387 2526 litus
1410 2485 1504 2525 dicit
1518 2514 1531 2533 ,
1554 2483 1658 2540 quod
1683 2484 1882 2538 proprium
1905 2496 1990 2523 ma-

1177 2542 1230 2582 ris
1248 2560 1260 2590 ;
1289 2541 1379 2583 ficut
1392 2544 1432 2583 &
1444 2543 1525 2597 ripa
1537 2541 1741 2582 fluminum
1756 2570 1768 2588 ,
1792 2540 1897 2596 quod
1912 2552 1988 2581 no-
2018 2563 2020 2565 >

1173 2611 1257 2640 tum
1284 2600 1344 2640 vel
1369 2613 1415 2640 ex
1439 2598 1620 2640 versiculo
1648 2598 1784 2638 Ovidii
1829 2612 1864 2640 1.
1898 2601 1983 2640 Me-

1176 2668 1274 2696 tam.
1319 2676 1397 2689 ·--
1420 2671 1480 2712 pro
1489 2658 1578 2711 ripia
1587 2659 1695 2697 litora
1700 2658 1857 2710 pulfimt.

1178 2718 1238 2754 Ita
1262 2724 1395 2754 tamen
1422 2713 1496 2753 hoc
1507 2726 1665 2759 verum,
1691 2724 1734 2753 ut
1745 2713 1865 2753 etiam
1877 2722 1990 2752 voces

1176 2781 1480 2812 commutentur.
1509 2772 1612 2810 Nam
1634 2770 1678 2810 in
1701 2770 1878 2810 hocloco
1900 2771 1984 2809 litus

1177 2829 1317 2868 dicitur
1337 2827 1385 2868 de
1406 2826 1585 2880 flumine.
1618 2828 1659 2868 δε
1671 2828 1715 2868 in
1729 2828 1896 2868 Horatio
1907 2828 1984 2882 ripa

1178 2885 1226 2925 de
1239 2884 1355 2924 mari:

1208 2941 1367 2995 Hostium
1380 2956 1505 2982 uxores
1513 2943 1681 2997 puerique
1695 2955 1795 2982 cacos
1907 2993 1910 2995 Α

1206 3001 1369 3039 Sentiant
1381 3010 1490 3038 mortu
1504 3000 1662 3040 Orientis
1675 2999 1812 3053 Austri
1820 3026 1834 3046 ‚
1848 3001 1902 3042 Θ·

314 3069 397 3094 nere
408 3058 536 3108 term]
556 3063 660 3098 Ante
671 3058 806 3099 euntia
818 3056 1129 3111 lustrabis‚qua1n
1206 3058 1366 3114 AEquoris
1378 3058 1474 3111 nigri
1486 3059 1664 3110 fremitum
1677 3084 1689 3104 ‚
1705 3061 1756 3099 ἔφ’
1769 3064 1958 3100 tremeptes

312 3109 429 3169 postis
440 3110 574 3156 urbem
587 3124 667 3155 tuta
677 3126 777 3157 tetra
786 3126 1035 3171 componere.
1042 3121 1134 3157 Tuta

1699 3111 1840 3154 Corda.

1308 3114 1463 3158 Verbere
1473 3116 1586 3172 ripas.

1888 3163 1992 3217 San]

2025 0 2037 576 μακω-
