2037 3787
276 81 394 157 146

538 148 541 150 ,
728 62 1529 140 'favunt-‚1212

401 173 620 236 Vidistis
637 171 675 231 fi
692 195 849 254 quam
866 173 949 233 hic
969 179 1231 241 errantem
1249 173 1384 236 forte
1399 163 1638 236 sororum
1647 176 1670 245 ,'

403 260 732 334 Succinctam
749 256 988 340 pharetra
1006 266 1063 320 ὃς
1082 259 1356 322 maculosae
1372 261 1606 344 tegmine
1623 254 1818 342 lyncis}
1876 288 1904 324 g
1970 286 1971 295 ¹

1857 321 2002 401 Aue*-

276 441 333 495 gii
349 442 390 481 &
404 440 636 481 laudisloco.
655 439 875 493 Propertius
888 441 962 483 1.2.
978 433 1132 485 el.22.¹
1158 440 1401 496 temporibus
1425 432 1762 483 accommodarem
1777 470 1791 489 ,
1813 454 1865 483 ne
1889 455 1992 484 ver-v

277 499 327 537 de
340 495 494 552 Ulyffie,
525 497 612 537 sica*
633 498 800 538 Dulichio
809 503 940 550 juvene
953 499 1000 554 est
1011 503 1106 557 elufiz
1160 497 1252 541 bum
1291 499 1451 555 quidem
1476 499 1635 539 ulterius
1655 497 1821 539 fasturus
1843 512 1965 541 eram.

281 558 439 609 calypsb.
470 559 531 594 De
544 555 785 608 Argonautis
798 556 975 598 Catullus
985 570 998 595 ε

341 618 429 651 Cum
450 611 531 651 [εὲΞὶ
552 616 707 667 juvenes.

283 667 448 709 Ovidius
461 668 505 707 in
518 666 635 720 Epist.

312 728 454 780 Excipit
465 725 604 779 hospitio
612 730 764 780 juvenes
774 730 887 769 AEaeta
903 730 1072 783 Pelasgos.

285 785 351 822 De
362 783 526 822 Hercule
540 783 756 835 Propertius
777 780 847 822 lib.
866 796 904 824 1.
924 785 1020 839 eleg.
1038 797 1103 826 20.

430 844 498 881 At
512 855 618 880 comes
629 838 758 880 inviH‘z‘
765 842 912 893 juvenis·
926 859 940 882 .·

286 894 334 936 Id
347 893 420 944 est,
437 897 550 949 Hylas
563 909 694 936 comes
707 897 896 938 Herculis.
922 901 981 937 Ita
1008 898 1106 939 Ovi-

283 952 370 993 dius
387 968 422 1003 5.
437 952 531 992 Fast.
558 965 601 994 ut
625 954 727 993 dicat
751 955 954 995 Herculem
978 951 1100 995 susce-

287 1020 398 1065 ptum
414 1007 584 1064 hospitio
595 1007 618 1050 a
634 1011 810 1051 Chirone
825 1038 840 1060 ,
853 1012 907 1051 ita
919 1012 1106 1065 concipit:

343 1069 491 1123 Excipit
525 1068 666 1124 hospitio
694 1072 865 1123 juvenem
901 1070 1110 1123 Philyreius

447 1119 557 1165 &705-

288 1184 353 1222 Ita
377 1179 533 1223 fortaffe
563 1179 756 1234 Augustus
783 1180 907 1223 distas
941 1182 1109 1222 Horatio

289 1236 358 1276 od.
374 1251 410 1278 2.
426 1237 496 1278 lib.
517 1253 549 1279 1.
580 1239 619 1278 ὃς
643 1237 808 1293 Virgilio
824 1253 858 1280 1.
877 1243 1019 1294 Georg.
1041 1244 1107 1295 ju-

287 1295 391 1335 venh
403 1297 626 1337 adulatione
640 1308 796 1349 magna.
829 1302 856 1337 C
859 1296 960 1337 erda-

346 1357 416 1392 Ac
423 1356 541 1407 prior,
553 1353 651 1399 licus,
664 1355 784 1404 inquit
795 1354 1001 1408 Juvenes.]
1014 1356 1108 1394 Non

289 1405 473 1460 imperite
485 1412 603 1462 poeta
615 1415 806 1450 Venerem
819 1411 987 1463 priorem
1001 1411 1109 1464 loqui

285 1463 466 1513 fecit,sed
480 1478 520 1507 ut
532 1466 712 1507 fiduciam
726 1471 856 1507 AEneae
868 1466 1108 1522 detloquen-

287 1521 344 1562 di.
378 1522 489 1564 Idem
513 1522 690 1565 observat
716 1528 898 1565 Donatus
932 1523 981 1564 ad
1018 1527 1108 1564 Ter.

290 1583 347 1618 A.
361 1592 398 1620 2·.
419 1594 455 1620 1.
475 1582 537 1622 18.
571 1583 779 1635 Emmeneffi

351 1638 563 1692 Monstrate.
585 1639 603 1690 ]
650 1637 919 1691 Interrogatio
945 1636 998 1677 est
1021 1635 1112 1677 bre-

294 1691 443 1734 viflima
459 1722 474 1743 ‚
499 1708 578 1750 quae
602 1706 738 1735 tamen
762 1692 970 1735 necessaria
983 1694 1029 1734 ad
1041 1693 1114 1736 fal-

292 1750 457 1791 lendum
473 1753 662 1792 continet.
695 1753 864 1807 dixitque
880 1753 920 1791 δε
931 1750 1036 1805 figna
1049 1765 1116 1793 ve-

290 1805 429 1858 stitus,
458 1811 498 1849 &
521 1808 704 1850 habitum·
727 1808 913 1863 expreffit.
957 1810 1114 1850 Brevius

294 1874 426 1905 autem
440 1863 645 1919 respondet
655 1871 798 1909 AEneas
811 1895 825 1914 ,
862 1879 932 1907 nec
943 1876 1077 1907 tamen
1090 1865 1114 1907 a

293 1921 499 1976 propositis
513 1923 672 1964 aberrat.
713 1930 898 1965 Donatus.

344 1986 450 2031 322.
482 1981 672 2035 Vidzstis]
701 1977 930 2035 Plerumque
953 1981 1031 2024 duo
1055 1982 1114 2023 di-

281 2034 401 2077 vversa
426 2037 470 2077 in
495 2051 618 2091 unum
641 2039 786 2079 exitum
811 2039 954 2079 cadunt
969 2068 981 2086 ,
1022 2040 1114 2080 licet

294 2095 492 2134 contraria
504 2094 723 2150 significent
734 2124 749 2146 ‚
771 2106 815 2137 ut
826 2096 900 2136 hoc
913 2097 1003 2136 loco
1016 2111 1031 2144 5
1044 2100 1113 2138 Vi-

263 2159 265 2162 ·
296 2150 401 2204 distis
425 2154 533 2191 enim
549 2182 560 2200 ‚
587 2154 707 2193 etiam
720 2152 768 2193 ad
781 2166 914 2192 vocem
926 2156 1113 2205 pertinet,

1161 555 1232 596 Sed
1246 569 1364 610 quum
1381 552 1564 599 Prisciani
1574 584 1592 605 ‚
1605 556 1861 596 Grammatici
1874 558 1976 599 mul-

1096 653 1101 660 .
1157 623 1289 653 torum
1311 613 1501 666 opinione
1515 627 1598 654 non
1611 613 1879 667 indiligentis,
1902 627 1974 654 ne-

1154 670 1414 723 queirnperiti
1430 669 1649 720 ,sententia
1672 670 1870 709 memoriae
1891 667 1976 711 suc-

1154 724 1352 766 curriffet:
1389 740 1439 766 ne
1465 729 1632 782 cuipiam
1659 741 1747 767 eum
1771 727 1970 772 austorem
2009 733 2017 741 “

1158 780 1361 837 neglexisse
1385 783 1533 824 viderer
1548 813 1561 832 ‚
1587 785 1679 838 quid
1700 785 1764 824 ille
1776 783 1885 837 super
1900 784 1975 825 hoe

1158 837 1527 886 senfiffet,adnotare
1540 840 1661 882 visum
1675 841 1741 881 est.
1771 840 1852 881 Ubi
1863 842 1973 882 enim
2036 827 2037 849 ἶ

1156 898 1458 950 copulativarum
1482 896 1555 939 effe
1579 900 1659 945 ait,
1685 895 1789 939 casus
1812 895 1970 939 eosdem

1156 952 1298 995 sociare
1313 982 1327 1003 ‚
1351 954 1523 1009 quaedam
1536 964 1669 996 tamen
1681 955 1781 1010 apud
1792 956 1971 996 auitores

1159 1010 1218 1051 his
1242 1011 1595 1052 construfi’tionibus
1607 1014 1798 1052 contraria
1812 1041 1824 1059 ‚
1850 1013 1972 1053 tradit

1157 1069 1352 1109 inveniri:
1379 1071 1501 1118 Cuius
1523 1070 1687 1122 exempli
1711 1070 1973 1123 Virgilianum
2022 1106 2023 1109 ,

1156 1125 1248 1165 hinc
1259 1127 1352 1166 citat
1360 1138 1516 1167 carmen
1529 1126 1760 1181 ,fiaccimslam
1769 1127 1974 1179 pharetram

1158 1192 1211 1227 ΕΤ
1235 1186 1408 1237 maculosie
1424 1187 1583 1240 ‘tegmine
1606 1185 1732 1237 {ynch-
1761 1186 1894 1238 Neque
1913 1195 1976 1223 ta·
2023 1192 2026 1224 ἓ

1161 1253 1251 1280 men
1277 1240 1469 1281 inficiatur
1484 1268 1500 1290 ,
1523 1241 1662 1282 melius
1685 1241 1729 1280 in
1743 1238 1974 1296 quibusdam
2018 1246 2024 1265 ·’

1157 1296 1354 1338 codicibus
1376 1295 1515 1353 absque
1541 1315 1576 1338 m
1600 1298 1779 1338 pharetra
1801 1296 1976 1339 ablativo

1157 1353 1242 1394 casu
1268 1356 1449 1395 inveniri.
1490 1353 1603 1395 Alibi
1625 1355 1736 1394 enim
1760 1353 1810 1393 ab
1833 1351 1974 1396 eodem

1157 1410 1321 1464 Virgilio
1335 1411 1482 1452 distum
1499 1440 1511 1458 ,
1525 1411 1809 1464 PallafiaccinHa
1820 1425 1975 1452 cruenta.

1163 1467 1252 1521 QO
1268 1481 1357 1508 vero
1370 1465 1622 1509 accusativum
1633 1469 1703 1508 alii
1714 1477 1891 1508 tueantur
1912 1481 1976 1510 ex-

1160 1526 1335 1579 emplum
1348 1522 1435 1571 effe,
1452 1530 1618 1582 Magicas
1630 1528 1787 1567 invitam
1802 1521 1974 1582 accingier

1162 1585 1250 1622 arm
1267 1601 1279 1622 .·
1304 1595 1391 1622 eam
1414 1596 1507 1622 vero
1535 1580 1608 1622 effe
1624 1581 1814 1623 varietatis
1824 1583 1869 1623 in
1880 1596 1977 1624 con·
2031 1599 2033 1601 ·

1159 1638 1369 1681 structione
1392 1634 1556 1680 caussam
1580 1641 1660 1685 ait,
1689 1639 1792 1695 quod
1795 1642 1977 1697 fiaccingor
2026 1686 2029 1693 ¹

1161 1697 1249 1738 hanc
1272 1714 1344 1738 rem
1359 1726 1373 1744 ‚
1399 1699 1439 1738 &
1464 1697 1531 1738 hac
1554 1708 1592 1738 re
1606 1698 1782 1753 [accingor
1793 1695 1975 1740 dicimus:
2034 1750 2036 1753 ι

1162 1757 1336 1809 Saepeque
1363 1754 1435 1794 hoc
1465 1754 1512 1794 de
1535 1753 1718 1796 industria
1740 1753 1822 1793 fieri
1847 1754 1895 1794 ab
1907 1768 1975 1796 au-

1163 1811 1334 1852 &oribus
1348 1840 1360 1859 ,
1386 1810 1452 1853 ubi
1465 1825 1602 1865 anceps
1614 1810 1658 1852 fit
1668 1810 1903 1851 construffcio
1915 1812 1979 1853 diu

1160 1869 1356 1910 tii-ionum.
1385 1868 1656 1917 Additetiam,
1667 1865 1853 1923 quosdam
1867 1873 1977 1923 Lyn-

1162 1926 1216 1965 cis
1228 1924 1377 1967 cursum
1392 1923 1414 1965 Ξι
1424 1927 1627 1968 communi
1640 1927 1832 1978 accipere:
1857 1938 1898 1966 ut
1911 1925 1973 1976 sit,

1159 1996 1377 2039 prementem
1389 1985 1512 2036 Lyncis
1524 1985 1658 2037 curfitm
1672 2012 1685 2028 ‚
1708 1985 1976 2038 aurspumantzls

1163 2044 1286 2095 Apri.
1318 2041 1391 2081 Sed
1413 2043 1488 2081 haec
1514 2054 1588 2080 nos
1611 2040 1784 2080 indicare
1797 2042 1978 2083 nuncin·
2036 2055 2037 2058 ¹

1160 2097 1377 2144 stituimus,
1404 2098 1677 2147 nonjudicare.
1708 2099 1810 2136 Pier.
1959 2115 1961 2117 ·

1226 2159 1410 2206 IMaculofie
1440 2156 1599 2207 gyara]
1646 2154 1828 2206 Epitheta
1850 2151 1977 2193 tribus

297 2208 405 2260 quod
429 2210 547 2249 etiam
571 2222 615 2250 ex
628 2214 756 2253 AEneae
767 2203 1016 2263 responsione
1031 2212 1117 2252 col-
1163 2211 1294 2252 modis
1317 2223 1539 2265 ponuntur,
1573 2221 1638 2250 aut
1659 2208 1872 2256 laudandi,
1910 2222 1977 2250 aut

296 2265 447 2321 ligitur.
472 2270 632 2308 servitos.

1164 2265 1407 2323 vituperandi
1421 2298 1434 2317 ,
1449 2268 1509 2308 hic
1521 2271 1693 2320 maculofie
1706 2265 1981 2308 demonstran-

366 2325 606 2377 Errantem.]
653 2322 990 2378 Investigantem3
1026 2326 1116 2380 quia
1164 2325 1206 2365 di
1230 2326 1297 2366 est.
1340 2330 1493 2379 Lyncus
1516 2339 1580 2365 rex
1603 2324 1884 2378 Scythiae-fuit,
1910 2325 1979 2378 qui
2027 2337 2030 2340 ’

295 2390 502 2421 venatores
523 2394 612 2422 cum
627 2380 843 2436 vestigant,
869 2380 972 2437 quafi
982 2381 1117 2424 viden·
1165 2380 1321 2424 missum
1358 2380 1381 2423 ὲ
1412 2386 1556 2422 Cerere
1578 2382 1895 2435 Triptolemum,
1934 2394 1978 2421 ut

292 2447 357 2478 tur
368 2449 508 2479 errare.
540 2439 659 2479 Idem.

1135 2430 1141 2497 ἱ
1163 2438 1392 2481 hominibus
1413 2439 1608 2480 frumenta
1631 2437 1887 2484 monstrarets
1902 2435 1977 2479 sus-

355 2496 557 2546 Sororum.]
587 2497 681 2537 Non
706 2505 893 2550 tanquam
908 2504 1003 2535 nora
1017 2494 1115 2538 fitil-
1163 2508 1319 2550 ceptum
1342 2496 1512 2549 hospitio
1528 2524 1544 2544 ,
1567 2509 1610 2536 ut
1631 2495 1673 2535 in
1687 2495 1978 2537 seinventifru-

293 2549 343 2590 lis
369 2551 479 2593 soror·
493 2583 510 2603 ,
530 2551 599 2594 sed
627 2565 669 2594 ut
691 2551 745 2592 est
767 2554 812 2593 in
824 2550 1115 2595 consuetudine.

298 2609 452 2718 Ιιίἓοζς.
485 2666 736 2719 8ηςείηὲἷανη.]
766 2665 1010 2708 Ῑηίῖῑιιᾶἑὶῐῦ.
1039 2666 1114 2714 vel,

296 2732 340 2762 ut
364 2723 431 2761 alii
456 2721 589 2764 dicunt
606 2752 619 2769 ‚
645 2724 690 2764 in
717 2725 876 2779 cingulo
900 2722 1112 2765 habentem

294 2777 529 2833 pharetram.
569 2781 685 2832 Idem.

1171 2556 1297 2595 menti
1320 2557 1443 2608 gloria
1468 2564 1574 2593 tanta
1599 2554 1807 2606 migraret,
1838 2554 1977 2593 interi-

1166 2622 1274 2651 mere
1308 2611 1507 2665 cogitavit.
1550 2608 1603 2649 ob
1631 2623 1745 2664 quam
1770 2623 1854 2649 rem
1870 2610 1978 2651 *irata

1164 2673 1393 2714 Ceres,eum
1406 2667 1602 2708 convertit
1613 2667 1655 2706 in
1666 2668 1838 2719 lyncem,
1849 2667 1971 2708 feram

1163 2726 1259 2764 varii
1272 2726 1413 2766 coloris
1425 2754 1441 2775 ,
1456 2736 1498 2765 ut
1511 2721 1588 2776 ipse
1603 2724 1711 2763 variae
1723 2727 1868 2764 mentis
1880 2725 1980 2764 exti-

1165 2793 1274 2822 terat.
1318 2783 1401 2831 Erit
1435 2794 1565 2822 autem
1605 2782 1872 2821 nominativus
1898 2781 1973 2821 haec

357 2836 574 2877 SuccinHam
594 2840 764 2891 pharetm
787 2837 896 2889 ἕνα]
928 2837 1110 2879 Invenie·
1159 2843 1260 2893 lynx.
1297 2849 1340 2879 u't
1364 2847 1441 2880 Pan
1455 2868 1468 2886 ‚
1500 2845 1583 2878 Tros
1597 2868 1609 2886 ,
1636 2851 1716 2894 quae
1739 2838 1782 2877 in
1795 2839 1972 2892 genitivo

297 2890 390 2932 bam
415 2894 571 2947 quidem
583 2894 735 2934 codices
746 2896 895 2948 aliquot
906 2895 1107 2949 antiquos,

295 2948 342 2989 in
353 2949 492 3003 quibus
499 2952 709 3004 pharetram
717 2953 808 2992 loco
823 2952 897 2991 hoc
908 2980 924 3000 ‚
936 2950 1110 2993 accusan-

1162 2910 1238 2938 una
1252 2889 1392 2951 syllaba
1404 2892 1589 2936 crescunt.
1618 2898 1776 2935 Servius.

1216 2956 1400 3007 Maculosae
1420 2955 1570 3008 tegmine
1593 2953 1748 3006 (yncis.]
1786 2951 1880 2992 'Mos
1903 2965 1973 2992 au-

295 3006 338 3045 di
351 3006 433 3046 casu
445 3005 625 3060 scriptum
636 3006 738 3049 effer.
774 3008 846 3049 Sed
861 3010 1105 3062 vulgatorum
1145 3019 1239 3050 -tem
1264 3010 1514 3051 venatoribus
1526 3022 1608 3049 erat
1618 3009 1834 3063 antiquitus
1848 3037 1866 3058 ,
1887 3008 1976 3062 spo·

292 3074 391 3117 pene
405 3065 588 3107 omnium
610 3066 721 3107 turba
745 3064 962 3120 oppreffiis,
990 3078 1110 3109 utme
1156 3068 1221 3109 liis
1232 3067 1477 3109 animantum
1491 3096 1502 3115 ,
1521 3080 1614 3123 quas
1625 3065 1696 3121 ipsi
1709 3064 1976 3111 confecerant,

1935 3121 1985 3179 se„
