2037 3787
429 163 833 219 AENEIDO

872 175 896 212 s
981 157 1142 215 Lm.
1187 158 1295 217 VI.
1567 180 1692 243 ¹¹¹7,

141 258 320 334 Atque
336 249 418 308 hic
431 256 647 322 AEneasg
679 268 777 305 una
793 268 1019 325 namque
1036 249 1110 305 ire
1131 250 1339 310 videbat

142 337 425 417 Egregium
440 332 608 391 forma
624 333 866 408 juvenem
886 336 938 388 &
956 327 1270 411 fulgentibus
1286 333 1438 391 armis
1455 371 1474 400 ,

141 420 243 477 Sed
260 419 401 475 frons
425 418 541 473 laeta
558 435 735 492 parum
754 451 771 478 ‚
804 420 856 470 &
879 413 1088 488 dejecto
1105 417 1297 474 lumina
1313 419 1486 475 voltu:

144 502 279 577 Qis
297 541 313 568 ‚
348 516 490 578 pater
506 538 523 564 ‚
556 500 642 553 ille
659 537 676 564 ‚
713 499 878 558 virum
897 500 983 573 qui
1000 495 1064 554 fic
1087 501 1367 557 comitatur
1382 518 1596 562 cuntem
1612 504 1648 576 ἒ,

18 586 123 663 865
143 586 297 642 Filius
324 621 339 648 ‚
364 604 495 639 anne
513 582 691 659 aliquis
708 599 895 658 magna
912 578 976 636 de
990 578 1143 660 stirpe
1159 601 1411 661 nepotum
1431 588 1452 638 ?

145 668 256 745 Qi
269 665 505 745 strepitus
523 667 655 723 circa
671 664 924 720 comitum
948 664 959 722 1
997 682 1246 742 quantum
1263 664 1417 724 instar
1433 667 1484 724 in
1505 666 1613 748 ipso
1635 670 1648 731 !

13 860 125 902 tione
137 858 246 900 dono
258 858 354 901 fixit.
386 858 464 901 Ubi
488 859 757 899 adnotandum
776 857 829 898 est

18 920 170 970 vulgata
192 918 422 970 exemplaria
449 930 527 957 una
551 918 634 970 plus
658 918 832 956 dictione

16 975 146 1028 legere
159 1001 172 1021 ,
197 989 272 1029 quae
285 978 399 1028 prima
412 979 525 1030 opima
537 978 727 1029 appellata.
760 974 832 1012 Sed

22 1031 64 1071 in
78 1030 198 1071 veteri
221 1031 354 1070 codice
366 1059 381 1079 ‚
404 1035 523 1086 psima
546 1044 630 1071 non
655 1030 830 1070 1111101111.

24 1089 123 1128 Satis
137 1087 246 1127 enim
260 1087 313 1128 est
325 1085 456 1128 dixisse
466 1092 560 1128 Sola.
591 1089 751 1129 Pierius·

79 1150 267 1199 Tertiaque
279 1147 418 1196 mmm]
448 1144 492 1184 Id
506 1144 560 1185 est
572 1172 586 1192 ‚
600 1146 734 1199 opima
745 1142 831 1198 spo-

15 1200 85 1240 lia.
130 1201 224 1256 Qae
241 1202 454 1243 Plutarchus
469 1213 577 1242 vocat
602 1204 681 1252 iam
704 1200 832 1254 τίμιαι,

18 1260 100 1309 jam
123 1258 292 1303 κείνως-α
308 1285 324 1307 ,
352 1260 396 1299 in
421 1260 499 1301 vita
524 1260 724 1308 Marcelli,
754 1261 833 1311 jam

25 1314 199 1367 &depugna
230 1316 358 1357 Cerda.

82 1380 197 1430 Capta
211 1374 404 1429 Qirino]
429 1373 568 1428 Qalia
592 1373 632 1412 &
648 1371 836 1427 Qirinus

21 1431 233 1483 ceperat,id
246 1429 510 1478 est,Romulus
519 1431 567 1471 de
579 1436 736 1470 Acrone
750 1443 839 1484 rege

23 1486 304 1528 Ceninenfium
320 1504 330 1528 ε
362 1489 402 1527 &
417 1501 459 1527 ea
472 1489 564 1544 Jovi
580 1484 834 1541 suspenderat.

23 1541 246 1591 Possumus,
274 1547 314 1585 ὅ(
328 1545 432 1600 quod
447 1547 499 1585 est
514 1544 675 1591 melius,
706 1543 838 1584 secun-

22 1600 117 1641 dum
141 1603 266 1656 legem
292 1605 425 1642 Numae
437 1602 539 1643 hunc
551 1604 678 1643 locum
693 1603 836 1654 accipe-

23 1669 88 1705 re,
123 1660 191 1714 qui
212 1661 388 1712 praecepit
414 1661 536 1713 prima
559 1659 692 1712 opima
720 1656 841 1712 spolia

26 1716 120 1771 Jovi
146 1715 344 1759 Pheretrio
358 1717 498 1757 debere
508 1715 683 1770 suspendi
697 1743 715 1764 ,
737 1717 841 1770 quod

22 1773 104 1823 jam
133 1775 323 1814 Romulus
335 1774 494 1814 fecerat.
537 1773 708 1814 secunda
735 1777 840 1813 Mar·

26 1829 59 1869 ti
75 1858 90 1878 ,
102 1830 207 1885 quod
221 1829 356 1871 Cossus
367 1831 472 1873 fecit.
507 1831 639 1871 Tertia
652 1831 840 1884 Qirino,

25 1886 233 1942 quodfecit
246 1890 461 1928 Marcellus.
507 1892 690 1946 ,Quirinus
710 1899 840 1928 autern

24 1943 79 1985 est
95 1948 199 1985 Mars
212 1974 224 1992 ‚
237 1946 299 2000 qui
318 1945 443 2000 praeest
458 1948 562 1999 paci:
596 1947 637 1985 ὅς
661 1946 764 1984 intra
786 1946 842 1984 ci-

28 2002 190 2043 vitatem
216 2003 370 2043 colitur.
403 2006 503 2043 Nam
518 2002 611 2043 belli
625 2006 728 2043 Mars
740 2013 843 2042 extra

26 2059 230 2100 civitatem
258 2061 448 2114 templum
476 2059 620 2100 habuit.
666 2066 766 2114 Ergo
779 2070 843 2099 aut

24 2113 337 2170 suspendetpatri
352 2146 367 2166 ‚
390 2117 430 2156 id
442 2115 495 2156 est
510 2144 524 2163 ‚
552 2117 669 2173 Jovi:
693 2114 848 2157 aursus-

25 2174 172 2226 pendet
196 2175 293 2227 patri
323 2174 509 2228 Quirino.
564 2174 675 2214 Varie
697 2174 747 2213 de
771 2174 844 2213 hoc

24 2233 116 2271 loco
140 2233 308 2273 tractant
325 2241 679 2278 commentatores,
713 2234 846 2270 Numae

26 2289 127 2343 legis
143 2289 398 2330 immemores
412 2306 425 2329 .-
452 2289 508 2339 cuj
517 2301 557 2329 us
568 2287 659 2329 facit
672 2288 845 2329 mentio-

30 2359 126 2387 nem
139 2348 180 2387 &
195 2348 343 2388 Livius.
368 2349 531 2387 Servius.

95 2404 285 2460 Suspendet
306 2415 409 2458 capta
434 2402 628 2460 Qirino]
656 2401 846 2455 Qamvis

26 2462 178 2502 Servius
188 2458 370 2515 agnoscat
391 2475 494 2516 capta
509 2488 521 2508 ,
552 2461 700 2500 mavult
712 2471 847 2501 tamen

27 2516 251 2560 Passeratius
260 2531 369 2575 rapta
384 2547 396 2565 ‚
418 2517 539 2558 utlib.
557 2529 594 2569 3.
614 2520 756 2570 Georg.

62 2581 108 2617 Et
120 2577 185 2618 duo
197 2588 302 2631 rapta
314 2593 421 2618 manu
435 2603 447 2622 ,
462 2576 601 2626 diversa
614 2591 662 2614 ex
669 2574 760 2628 hoste
773 2586 846 2615 tro-

188 2649 279 2690 paea.
428 2636 664 2672 Germanus.

89 2691 188 2732 862.
200 2692 692 2747 Egregiumfhrmajuvenem,
708 2691 844 2739 &fnl-

24 2749 193 2803 gentibus
225 2750 370 2801 armis]
398 2749 494 2787 Tria
516 2745 603 2788 sunt
636 2744 845 2786 secundum

33 2805 308 2845 Carminium:
336 2803 578 2858 pulchritudo
594 2833 608 2852 ‚
634 2816 722 2842 κως
740 2830 752 2848 ‚
775 2805 847 2842 vit—

1591 751 1700 813 Sed

876 856 1078 900 hementer
1089 860 1225 902 civitas
1241 862 1379 906 doluit.
1427 869 1528 908 Nam
1544 869 1584 910 &
1597 868 1694 910 affa-

879 914 966 954 bilis
979 916 1077 957 fuit:
1109 920 1148 958 δε
1163 921 1323 975 Augusti
1336 922 1450 964 filius,
1496 926 1559 966 Ad
1574 925 1696 967 fune-

878 973 928 1011 ris
956 973 1066 1020 hujus
1089 973 1282 1017 honorem
1295 980 1486 1033 Augustus
1498 980 1698 1025 sexcentos

874 1030 995 1071 lestos
1021 1031 1166 1073 intrare
1190 1035 1390 1076 civitatem
1414 1037 1526 1088 jussit.
1558 1041 1633 1081 hoc
1649 1055 1691 1082 e-

875 1087 959 1151 111111
999 1089 1098 1141 apud
1126 1092 1296 1140 majores
1320 1094 1535 1148 gloriosum
1557 1097 1697 1142 fuerat.

878 1147 1008 1184 Etiam
1033 1146 1195 1188 dabatur
1221 1163 1290 1203 pro
1314 1153 1497 1206 qualitate
1514 1154 1693 1196 fortunae.

880 1204 981 1241 Nam
1006 1204 1110 1243 Sulla
1132 1202 1194 1246 sex
1216 1208 1343 1248 millia
1368 1208 1513 1251 habuit.
1570 1213 1696 1267 Igitur

876 1271 962 1298 cum
977 1261 1127 1314 ingenti
1144 1275 1286 1317 pompa
1300 1267 1439 1307 relatus
1453 1294 1468 1315 ,
1482 1268 1578 1309 &in
1590 1283 1700 1311 cam-

875 1328 925 1368 po
938 1321 1084 1357 Martio
1098 1319 1153 1358 est
1166 1318 1346 1374 sepultus.
1379 1329 1481 1378 Ergo
1505 1327 1628 1367 modo
1650 1329 1697 1369 in

877 1374 1038 1437 Augusti
1050 1375 1318 1419 adulationem
1328 1408 1342 1428 ‚
1352 1381 1456 1436 quali
1468 1384 1699 1438 epitaphion

877 1443 915 1469 et
934 1432 1042 1472 dicit.
1076 1437 1126 1473 Et
1150 1436 1297 1477 constat
1323 1437 1577 1481 hunclibrum
1592 1453 1702 1483 tanta

876 1489 1202 1539 pronuntiatione
1239 1495 1413 1548 Augusto
1449 1499 1490 1537 δε
1529 1501 1702 1540 Ostaviae

880 1543 954 1585 esse
975 1547 1180 1588 recitatum
1195 1577 1210 1599 ‚
1235 1563 1278 1591 ut
1301 1552 1394 1593 fletu
1417 1554 1546 1594 nimio
1575 1557 1704 1610 impe-

881 1615 1010 1665 rarent
1033 1603 1254 1647 filentium:
1282 1609 1351 1650 nili
1375 1610 1558 1666 Virgilius
1575 1613 1703 1657 finem

883 1659 956 1699 esse
970 1659 1118 1702 dixisset
1131 1691 1144 1710 ‚
1171 1664 1236 1719 qui
1262 1678 1332 1719 pro
1346 1667 1420 1707 hoc
1432 1682 1501 1709 aere
1512 1672 1616 1724 gravi
1630 1673 1706 1713 do·-

886 1728 997 1758 natus
1020 1719 1105 1769 cst,
1130 1721 1169 1761 id
1181 1721 1261 1769 est,
1286 1723 1430 1765 maffis.
1469 1729 1571 1768 Nam
1586 1727 1632 1768 fic
1659 1730 1703 1769 δε

886 1775 1018 1816 Livius
1029 1789 1333 1837 argantumgrave
1347 1781 1507 1830 dicit,id
1518 1783 1585 1833 est,
1602 1783 1709 1827 mas-

887 1828 955 1872 sas.
986 1834 1151 1875 Serviies.

944 1891 1040 1945 863.
1069 1892 1138 1932 Sed
1156 1891 1254 1945 ftons
1278 1896 1359 1936 laetae
1375 1899 1539 1952 parum]
1569 1903 1706 1943 Omen

884 1945 938 1986 est
950 1949 1089 1988 mortis
1100 1947 1245 1989 fiuurae.
1254 1954 1306 1991 Ex
1314 1955 1513 1995 contrario
1524 1956 1618 1997 alibi
1621 1966 1708 2007 ,ln-

883 2007 959 2058 cipe
968 2019 1084 2059 parve
1096 2020 1184 2061 puer
1196 2010 1268 2061 rzfic
1279 2013 1467 2065 cognoscere
1477 2029 1637 2055 matrem.
1646 2015 1708 2056 ld.

954 2062 1026 2101 Sed
1045 2062 1143 2115 frons
1166 2067 1248 2104 laeta
1265 2071 1428 2121 parum-J
1459 2073 1594 2111 Omen
1620 2084 1708 2114 etat

889 2120 1029 2159 mortis
1043 2120 1269 2174 propediem
1279 2121 1426 2164 fututae.
1454 2128 1510 2168 ita
1525 2129 1590 2179 ybs.
1608 2131 1710 2174 866.

890 2174 959 2214 Sed
968 2189 1147 2224 ”vx-atra,
1162 2184 1247 2222 &c-
1279 2184 1508 2235 Contraw,4.
1527 2188 1606 2227 Ecl.

899 2238 921 2269 l
924 2234 980 2270 nci
978 2246 1023 2287 pe
1026 2247 1154 2287 ‚parve
1159 2240 1338 2290 puer,rzfia
1348 2243 1536 2295 cognoscere
1547 2242 1718 2286 matrem,³

891 2291 994 2351 lx⁷am
1019 2303 1150 2330 annos
1173 2303 1284 2333 natus
1311 2311 1446 2336 xvux.
1475 2298 1518 2339 in
1543 2302 1712 2351 Baiano,

890 2359 975 2384 11110
999 2348 1128 2400 potius
1146 2361 1333 2403 aquarum
1344 2351 1569 2407 frigidarum
1581 2360 1710 2399 lotio-

892 2403 1063 2445 nibus-in
1075 2408 1266 2455 Stabiano,
1294 2422 1374 2465 quae
1400 2413 1568 2453 Dimidia
1593 2428 1710 2456 voca-

894 2471 955 2500 tur
969 2489 984 2508 ‚
1008 2460 1058 2502 ab
1082 2468 1179 2503 Ant.
1196 2462 1305 2506 Musa
1319 2468 1471 2509 medico
1482 2483 1548 2523 per
1561 2471 1712 2526 impru«

890 2516 1067 2558 dentiam
1083 2547 1095 2566 ,
1117 2524 1174 2560 vel
1188 2523 1307 2562 etiam
1321 2523 1339 2576 ζ
1342 2536 1384 2563 111
1397 2529 1581 2569 nonnulli
1593 2530 1712 2584 sulpi-

888 2576 1042 2629 cantur)
1067 2575 1246 2619 consulto
1271 2583 1428 2622 enectus
1452 2583 1518 2624 est.
1554 2591 1708 2644 Deque

887 2632 1162 2675 accuratissime
1197 2636 1288 2690 JosI
1313 2642 1469 2696 Scaliger
1508 2645 1623 2685 Notis
1654 2646 1707 2690 ad

889 2693 1058 2743 Propert.
1075 2693 1102 2732 l.
1121 2703 1162 2745 3.
1175 2696 1224 2732 el.
1241 2694 1303 2735 16.
1335 2702 1482 2739 Taubm.

950 2749 1041 2796 8614.
1077 2753 1179 2805 Qis
1192 2778 1203 2797 ‚
1211 2764 1317 2806 pater
1332 2781 1344 2799 ‚
1357 2755 1433 2802 ille,
1446 2758 1604 2810 virum]
1636 2763 1705 2801 In·

889 2815 1059 2859 terrogat
1085 2811 1227 2847 AEneas
1241 2837 1252 2855 ,
1281 2822 1370 2850 cum
1393 2813 1606 2855 admiretur
1626 2815 1707 2858 for-

32 2871 112 2903 ms,
161 2862 359 2916 Significat
392 2874 521 2902 autem
548 2853 776 2902 Marcellum
799 2860 846 2900 fi-
892 2875 997 2902 mam
1024 2864 1174 2911 juvenis
1199 2867 1239 2905 δε
1267 2868 1463 2912 tristitiam
1488 2872 1532 2912 in
1554 2871 1708 2925 fronte,

30 2919 130 2960 lium
151 2921 319 2961 Oc‘taviae
341 2917 482 2959 sororis
512 2917 697 2972 Augusti,
728 2931 843 2971 quem
891 2919 1044 2974 quisfit.
1076 2927 1252 2962 Donatus.

30 2974 102 3016 fibi
126 2977 316 3032 Augustus
339 2977 551 3030 adoptavit.
594 2976 665 3015 Hic
687 2975 841 3015 decimo

946 2985 990 3016 Vi
997 2994 1075 3018 rum
1087 2983 1148 3033 qui
1149 2980 1186 3030 fi
1188 2995 1205 3019 c
1214 2978 1403 3023 comitatur
1412 2986 1587 3039 euntem]
1600 2993 1710 3030 Mat«

28 3030 136 3073 sexto
148 3035 457 3075 annoinciditin
486 3034 772 3073 valetudinem:
802 3034 840 3072 δε
889 3033 1026 3074 cellum
1044 3035 1346 3080 ,cuisimilisest.
1376 3045 1535 3082 Servius.

31 3091 145 3142 periit
168 3092 323 3132 decimo
345 3093 485 3132 octavo
511 3091 551 3130 in
578 3092 723 3137 Baiano
756 3103 844 3130 cum

951 3093 1045 3134 866.
1077 3094 1390 3153 Qisstrepitns.]
1418 3101 1578 3157 Propter
1590 3103 1709 3145 xdili-

27 3147 251 3192 azdilitatem
265 3162 424 3206 gereret.
470 3150 588 3200 Hujus
602 3159 772 3191 mortem
785 3159 849 3190 ve·
867 3169 871 3200 5
893 3157 1025 3192 tatem.
1055 3151 1174 3196 Idem.

1559 3220 1633 3275 171st
1637 3222 1717 3275 sit-J
