2037 3787
413 167 968 225 AENE'IDos

1054 165 1214 225 [ΑΒ.
1262 164 1306 223 Ῑ.
1659 186 1720 246 51

158 280 389 351 Qarum
411 309 427 336 ‚
466 291 580 349 quae
599 266 767 325 forma
779 263 1158 345 pulcherrima,
1190 270 1502 346 Deiopeam

164 351 451 417 Connubio
465 355 678 433 jungam
694 348 859 407 stabili
871 388 887 415 ,
918 351 1287 431 propriamque
1304 349 1490 408 dicabo
1510 373 1523 407 :

1514 433 1713 491 Omnis

33 586 218 629 omnibus
241 598 411 628 veterum
453 588 637 644 Nymphae
673 588 842 644 quedam
866 598 969 624 ·nem
984 614 995 631 ‚
1011 586 1128 641 longa
1145 584 1215 625 est.
1247 584 1317 625 Sed
1330 583 1382 625 est
1397 596 1532 639 tropus
1547 584 1711 639 syst01e;

32 644 342 686 etantatttibutae
353 645 401 684 ad
419 646 689 689 ministerium.
705 646 847 686 Habuit
891 642 955 696 qui
982 641 1026 680 fit
1059 644 1240 697 quotiens
1252 645 1370 696 longa
1383 644 1586 695 corripitur
1601 640 1714 698 sylia-

33 702 208 759 Jup'piter
220 701 317 756 apud
332 702 450 742 Ovid.
472 717 505 743 ι.
521 707 616 744 Met.

89 766 180 800 Sunt
191 759 436 811 miloiftmidei
444 788 457 807 ,
464 762 552 814 fient
565 760 689 815 rustica
700 763 846 801 numina
893 754 1018 808 pOsUst
1047 785 1058 800 2

203 819 320 855 Fauni
332 843 345 863 ,
571 840 573 843 v

893 698 940 737 ba
955 726 967 744 ,
985 701 1099 738 metri
1115 697 1233 739 causa.
1260 698 1343 752 Ipse
1358 701 1437 740 alio
1451 702 1539 740 ioco
1552 701 1715 754 longam

1096 768 1139 795 ut
1161 755 1213 795 est
1229 784 1240 802 ,
1267 757 1431 797 Heffboris
1455 756 1719 799 ,Andromache

894 813 1049 865 Pyrrloin
1062 814 1229 852 connubia
1231 815 1366 865 fi’rvas·
1381 817 1397 857 ξ
1427 819 1529 854 Item
1544 843 1556 860 ,
1585 816 1720 868 Cuique

89 876 135 912 EC
145 874 319 927 Nympha
333 900 349 922 ,
363 875 555 930 Satyrique
569 902 582 921 ,
596 883 647 918 (9¹
659 875 847 915 monticola
893 871 954 907 loci
964 872 1056 924 leges
1069 869 1235 909 dedimus
1247 898 1259 915 ,
1273 873 1439 910 connubia
1453 871 1563 928 nostru
1576 875 1720 927 Reppu-

205 933 365 982 Sylvani.

39 980 184 1023 Habuit
201 987 402 1039 Neptunus
415 1014 427 1033 ‚
452 999 567 1041 quem
584 984 846 1038 Νυμωοιγέτίω

36 1041 203 1092 appellat
239 1046 440 1084 Cornutus
465 1071 478 1089 ‚
518 1045 559 1083 &
583 1045 641 1082 illi
666 1042 850 1082 Hesiodus

36 1097 312 1153 quinquaginta
335 1101 426 1148 dat,
467 1098 569 1140 sicuti
593 1100 778 1139 Pindarus
805 1100 858 1138 in>

38 1152 220 1195 Isthmiis.
254 1155 397 1198 Habuit
409 1156 574 1196 Phoebus
591 1155 852 1209 Aganippidas

38 1206 121 1250 suas
146 1213 187 1252 ὃς
213 1216 376 1254 Aonias.
422 1213 565 1253 Habuit
603 1213 769 1253 Bacchus
794 1213 848 1253 ita

38 1268 180 1307 multas
193 1299 206 1316 ,
231 1282 273 1310 ut
304 1273 362 1310 vix
374 1266 567 1310 recenseas
581 1272 748 1311 nomina
762 1276 852 1311 Bac-

40 1323 199 1364 charum
219 1353 231 1372 ,
259 1324 504 1373 Baffaridum,
521 1327 715 1375 Eleidum‚
728 1327 856 1380 Thya-

43 1379 144 1420 dum.
176 1380 349 1423 Habuete
373 1385 492 1423 etiam
509 1389 623 1428 Deae3
652 1395 691 1424 ut
709 1386 853 1432 Diana,

40 1438 250 1479 venatrices
265 1452 279 1486 3
302 1440 439 1480 Thetis
454 1469 465 1487 ‚
482 1440 668 1480 Nereidas
687 1448 856 1491 3Venu3,

47 1495 207 1534 Gratias.
242 1498 298 1536 Sic
313 1511 405 1552 ergo
421 1503 524 1538 Iuno
540 1496 633 1538 suas.
667 1499 797 1538 Cerda.

98 1552 284 1603 Pra‘llami
303 1556 475 1610 corpora]
505 1558 608 1594 Bene
632 1555 751 1594 etiam
777 1557 856 1595 lau-

0 1638 3 1640 ,
44 1606 109 1647 dat
121 1607 207 1648 istas
223 1639 236 1658 ,
262 1622 304 1650 ut
317 1613 441 1660 major
456 1613 500 1652 fit
511 1612 553 1651 in
570 1614 756 1665 De'1‘opeja
772 1614 857 1665 pul-

41 1663 271 1707 chritudinis
281 1667 671 1722 gloria.Laudabilius
683 1670 735 1709 est
747 1670 857 1708 enirn

41 1715 213 1775 superare
233 1724 405 1766 laudatos
416 1755 431 1774 ‚
458 1738 500 1766 ut
512 1723 590 1779 ipse
603 1727 650 1765 ad
663 1729 852 1776 majorem

47 1782 174 1820 AEneae
183 1782 487 1835 gloriamlaudat
501 1784 541 1822 &
553 1787 742 1823 Turnum.
775 1785 853 1822 Ha-

42 1846 128 1875 rum
152 1849 280 1878 autem
294 1840 760 1895 quatuordecim-nomina
775 1870 789 1888 ,
814 1853 855 1881 ur

42 1892 198 1946 quidam
222 1898 359 1938 volunt
374 1927 385 1943 ,
409 1899 453 1938 in
477 1898 677 1952 Georgicis
695 1895 855 1939 'inveni-

40 1961 140 1992 mus.
171 1952 483 2007 Praestantiautem
492 1970 626 2010 corpore
639 1983 655 2004 ‚
681 1968 750 2008 pro
758 1970 855 2010 prae-

38 2005 171 2059 stantis
193 2014 340 2065 corporis
350 2039 368 2061 ‚
391 2012 605 2054 ablativum
630 2025 700 2066 pto
713 2012 857 2067 geniti-

25 2075 106 2104 ‘v0.
137 2070 293 2108 Servius.

99 2133 167 2171 72.
196 2126 799 2181 Qarum,quaefhrm‹e.]Dicimus
815 2127 856 2167 &

45 2188 112 2230 pet
134 2178 172 2218 se
193 2198 343 2233 quarum
365 2184 683 2239 quaepulcherrima
697 2211 709 2230 ,
723 2185 764 2223 &
777 2184 860 2237 plus

45 2236 198 2276 ornavit
222 2238 427 2281 inferendo
460 2244 584 2292 forma
599 2241 852 2297 pulcherrima.

48 2291 175 2332 Idem.

99 2353 332 2405 Deiopeam.]
363 2355 412 2392 In
426 2348 626 2395 ‘Romano
638 2353 772 2394 codice
785 2381 802 2403 ,
815 2353 858 2393 in

43 2403 235 2460 oblongo
249 2438 260 2456 ,
275 2408 317 2449 in
331 2407 529 2459 Μεάἰέὲο,
557 2413 597 2451 &
609 2411 759 2465 aliquot
774 2412 859 2450 aliis

45 2463 215 2518 antiquis
229 2471 388 2521 Deiopea
414 2467 647 2508 nominandi
673 2465 757 2506 casu
769 2466 860 2507 scri-

884 928 940 964 lit.
974 930 1046 973 Et,
1073 933 1145 966 Per
1182 928 1356 966 connubia
1380 928 1501 980 nostra.
1537 931 1610 973 Et,
1646 933 1724 968 No·

894 981 1106 1037 mariamque
1152 994 1275 1038 petam
1326 986 1492 1024 connubia
1549 986 1722 1039 ficpplex.
1752 1016 1754 1019 .

896 1040 1102 1079 Sciendum
1127 1050 1259 1079 tamen
1286 1039 1338 1079 est
1359 1069 1370 1086 ,
1397 1041 1486 1095 quia
1505 1042 1718 1095 plerunque

895 1096 938 1135 in
964 1096 1248 1149 compositione
1276 1098 1338 1136 vel
1360 1097 1722 1150 derivationeptin-

894 1153 1100 1205 cipalitatis
1125 1155 1385 1207 corrumpitur
1399 1165 1546 1194 natura.
1581 1162 1723 1202 Connu-

898 1211 951 1249 bio
975 1216 1124 1266 jungam
1139 1210 1263 1264 stabili
1281 1239 1293 1257 ,
1314 1214 1561 1266 propriamque
1588 1210 1724 1251 dicabo.

902 1269 1027 1307 Multa
1055 1270 1098 1307 in
1121 1280 1242 1308 unum
1254 1269 1422 1308 contulit
1436 1265 1586 1308 versum
1601 1297 1615 1315 ‚
1642 1280 1722 1323 quae

904 1328 1010 1380 Juno
1022 1325 1233 1377 promittit.
1266 1324 1447 1365 Dicendo
1460 1326 1568 1364 enim
1586 1332 1729 1364 Connu-

899 1385 981 1429 bio,
997 1381 1165 1421 ostendit
1177 1381 1408 1436 legitimum.
1446 1381 1630 1423 Dicendo
1643 1389 1729 1422 Sta·
1771 1392 1774 1394 “

903 1440 966 1478 bili
980 1466 992 1484 ,
1006 1440 1166 1492 longam
1179 1439 1378 1492 promittit
1391 1439 1641 1480 concordiam
1657 1467 1668 1485 ,
1685 1437 1732 1480 id

899 1493 953 1534 est
980 1523 993 1542 ,
1031 1504 1111 1550 quae
1135 1496 1305 1535 divortio
1330 1508 1470 1536 carcat.
1541 1495 1725 1536 Dicendo

901 1555 1104 1605 Propriam,
1131 1553 1311 1593 adulterii
1334 1562 1511 1593 removet
1538 1550 1730 1606 fufpicio-

905 1621 1010 1648 nem.
1042 1609 1161 1664 Qiod
1176 1622 1307 1649 autem
1321 1609 1465 1658 adjecit
1481 1612 1610 1649 Dicabo
1631 1640 1642 1658 ‚
1654 1609 1730 1657 ob-

906 1663 1131 1719 sequentem
1155 1679 1244 1707 eam
1268 1665 1350 1707 fore
1375 1665 1626 1707 demonstrat.
1677 1670 1729 1706 In

906 1719 974 1763 usu
997 1723 1105 1763 enim
1131 1723 1186 1763 est
1211 1723 1437 1764 utdicamus
1452 1753 1463 1770 ‚
1485 1723 1651 1778 sacerdos
1665 1724 1728 1762 di-

897 1792 996 1877 cgtus
1018 1779 1081 1877 qi}
1074 1783 1214 1822 numini
1228 1808 1243 1830 ,
1256 1780 1327 1821 hoc
1341 1781 1415 1831 est,
1428 1780 1475 1821 ad
1493 1776 1725 1837 obsequium

931 1847 1013 1877 atus
1027 1850 1047 1875 e
1083 1867 1092 1876 .

959 1894 1045 1935 Alii
1084 1894 1207 1935 dicabo
1220 1922 1235 1943 ,
1270 1893 1373 1936 dabo
1398 1894 1604 1948 accipiunt.
1622 1940 1627 1942 .
1647 1896 1730 1933 Te·-

902 1962 999 1992 rent.
1034 1952 1132 2007 Jam
1143 1952 1234 1992 hanc
1244 1967 1381 2008 operam
1392 1954 1458 1993 tibi
1470 1954 1558 1991 dico.
1593 1950 1640 1991 Id
1652 1950 1727 1999 est,

909 2008 961 2049 do
975 2038 988 2058 ‚
1017 2009 1123 2050 sicuti
1139 2008 1188 2049 ab
1213 2021 1278 2056 e0,
1303 2008 1409 2064 quod
1428 2007 1482 2049 est
1495 2009 1570 2049 dico
1581 2008 1738 2062 pattici·

902 2067 1010 2119 pium
1023 2064 1044 2107 a
1058 2065 1201 2120 paffivo
1214 2066 1329 2107 elifius
1339 2064 1433 2106 facit
1450 2078 1464 2112 3
1491 2077 1534 2106 ut
1547 2066 1600 2106 est
1616 2087 1628 2109 ⁵
1645 2065 1733 2119 Ju-

905 2126 985 2163 noni
1010 2127 1159 2175 infernae
1172 2124 1397 2177 diffusfhcer
1412 2142 1422 2172 3
1448 2121 1623 2178 quamvis
1635 2121 1734 2162 alibi

905 2182 1051 2222 lesturn·
1061 2175 1104 2221 fit
1118 2209 1130 2228 ,
1160 2182 1299 2236 templis
1302 2181 1374 2232 sibi
1373 2184 1474 2232 ferre
1486 2178 1630 2221 dicatis.
1645 2186 1734 2219 Pro-

900 2241 1022 2294 priam
1044 2238 1164 2279 dicabo
1189 2249 1324 2278 autem
1350 2235 1450 2277 deest
1464 2265 1476 2283 ,
1515 2239 1584 2277 tibi
1598 2264 1610 2283 ,
1636 2251 1730 2277 eam.

909 2299 1098 2351 Propriam
1110 2305 1236 2336 autem
1251 2293 1444 2348 possumus
1460 2322 1472 2340 ,
1486 2295 1546 2334 vel
1560 2292 1731 2340 firmam,

909 2354 968 2393 vel
991 2365 1215 2406 perpetuam
1228 2352 1415 2404 accipere,
1439 2361 1481 2391 ut
1493 2347 1520 2390 fi
1532 2351 1734 2404 proprium

909 2409 981 2449 hoc
992 2409 1124 2450 fuerit.
1156 2410 1364 2448 Terentius
1382 2436 1394 2455 ,
1418 2407 1569 2449 Nihilne
1586 2408 1651 2462 effe
1661 2409 1741 2446 cui-

906 2481 1014 2522 quam
1023 2468 1223 2521 proprium.
1258 2469 1308 2505 Et
1320 2463 1416 2505 alibi
1429 2492 1446 2512 ‚
1468 2464 1561 2519 quod
1572 2467 1737 2518 volupta-

47 2531 156 2573 Ptum
182 2520 236 2562 est
254 2551 267 2571 ,
291 2522 547 2576 pulcherrima
570 2523 861 2564 elocutionisfi-
909 2537 963 2563 tes
973 2538 1087 2563 eorum
1096 2524 1353 2579 propriaefhnt.
1386 2524 1436 2560 Et
1449 2548 1461 2567 ‚
1478 2527 1541 2561 Da
1550 2523 1732 2578 propriam

47 2589 149 2632 gura.
191 2582 293 2620 Nam
305 2579 400 2620 alibi
413 2582 534 2621 etiam
547 2582 729 2636 virgilius
744 2581 863 2622 utitur
912 2581 1115 2634 Thymbrae
1128 2579 1280 2619 domum.
1316 2579 1480 2619 Servius.

50 2634 242 2689 anti'ptcfi.
272 2640 369 2678 Pier.
529 2672 532 2675 .

106 2703 174 2745 73.
204 2696 378 2735 connubio
399 2697 546 2750 jungam
569 2694 713 2741 Habiti,
755 2696 868 2748 &eff

968 2635 1171 2692 Jungam.]
1194 2639 1298 2689 Apte
1313 2663 1326 2682 ,
1352 2635 1524 2690 loquitur
1535 2631 1644 2674 enim
1660 2635 1727 2673 Iu·

914 2706 967 2734 no
982 2722 994 2740 ,
1021 2697 1077 2734 cui
1088 2695 1205 2734 vincla
1212 2695 1350 2749 jugalia
1360 2705 1448 2733 curae
1462 2718 1478 2741 ,
1500 2701 1543 2732 ut
1567 2687 1731 2732 habetur

55 2747 171 2789 Deest
181 2764 283 2799 eam,
311 2752 352 2792 ὅ(
377 2750 618 2792 connubium
632 2750 865 2806 estiuslegi-
912 2766 954 2804 4.
975 2750 1180 2794 AEn.Adi.
1215 2749 1342 2790 Cerda.

49 2804 142 2845 timi
179 2809 434 2848 matrimonii.
481 2812 529 2848 Et
564 2807 665 2848 bene
692 2811 866 2850 Connubio

973 2808 1135 2859 Stabili.]
1171 2803 1329 2860 Proprie
1343 2834 1355 2853 ,
1373 2803 1478 2861 quod
1491 2803 1561 2844 alii
1571 2804 1650 2854 iam
1663 2800 1738 2842 ob-

51 2865 198 2918 jungam
222 2865 341 2913 dicit,
367 2876 410 2905 ut
424 2864 521 2905 hanc
544 2863 689 2905 abaliis
701 2862 871 2919 segrega-
917 2861 1129 2905 servarunt-
1160 2863 1321 2905 videtur
1342 2865 1450 2903 enirn
1464 2862 1539 2901 haec
1549 2874 1621 2900 vox
1634 2856 1738 2900 usur·

49 2929 113 2958 ret
126 2945 142 2967 ,
168 2932 247 2974 quae
271 2918 294 2962 Ξι
317 2921 469 2976 regibus
481 2920 655 2977 finelege
665 2921 869 2965 habentur.
919 2932 1006 2976 pata
1039 2923 1081 2962 in
1094 2921 1360 2965 matrimoniis
1376 2947 1388 2965 ,
1411 2932 1493 2974 quae
1503 2917 1637 2957 dirimi
1649 2923 1736 2956 non

53 2971 181 3016 solent
202 2978 310 3018 enim
322 2992 429 3033 reges
440 2981 543 3020 inter
556 2980 682 3033 plures
695 2979 762 3021 uni
775 2993 869 3033 prae-
919 2990 1116 3033 poterant.
1145 2979 1289 3019 Cicero
1302 2979 1344 3017 in
1359 2975 1634 3018 Anton.veluti
1651 2985 1737 3013 rem

54 3031 209 3087 cipuum
233 3035 322 3075 dare
347 3049 494 3077 nomen
510 3038 652 3077 uxoris.
682 3041 731 3076 Et
743 3053 870 3078 connu-
919 3037 1109 3090 explicans
1123 3063 1136 3083 ,
1171 3035 1268 3076 dixit
1281 3062 1297 3084 ,
1327 3038 1365 3074 in
1392 3034 1614 3073 matrimonio
1614 3029 1755 3085 flabili«

53 3089 107 3130 bio
122 3118 133 3136 ,
157 3098 217 3134 Nu
241 3090 395 3134 brevem
407 3091 534 3146 posuit
545 3106 633 3134 cum
648 3095 872 3135 naturaliter
925 3104 977 3139 (φ
987 3105 1079 3134 certo
1089 3089 1339 3133 commotum
1350 3104 1422 3130 vox
1432 3087 1619 3143 posterior
1631 3085 1738 3140 prio·

49 3145 167 3203 longa
181 3148 235 3191 fit.
266 3151 365 3193 Nuba
378 3151 504 3203 enim,
513 3150 616 3194 unde
629 3149 742 3195 habet
755 3151 875 3207 origi·
921 3163 1004 3192 rem
1028 3150 1198 3205 explicat.
1231 3148 1485 3204 virgilianam
1500 3142 1737 3240 sentengam

1166 3209 1206 3247 D
1236 3217 1259 3247 2
1673 3210 1739 3240 (0-
