2037 3787
441 145 901 203 AEN'x-:1nos

984 140 1034 196 L
1054 156 1080 194 1
1099 155 1149 198 B.
1190 137 1241 197 1.
1599 141 1703 220 28'3

31 267 149 328 745
174 242 315 323 Qid
339 259 538 302 tantum
558 245 784 301 Oceano
800 251 1087 317 properent
1100 233 1152 293 se
1165 237 1400 316 tinguere
1413 229 1549 301 soles

151 327 372 388 Hiberni
389 364 406 392 ‚
439 327 521 383 vel
537 346 647 405 quae
667 323 821 381 tardis
837 341 986 377 mora
999 318 1238 377 noctibus
1256 314 1447 377 obstet.

161 410 490 492 Ingeminant
510 405 681 487 plausu
698 406 884 486 Tyrii,
913 400 1193 481 Troesque
1209 399 1504 480 sequuntur.

155 497 280 554 Nec
295 513 401 550 non
421 498 476 550 δε
497 492 640 549 vario
656 492 872 549 noc'tem
890 483 1132 546 sermone
1160 482 1396 542 trahebat

0 706 1 727 1
33 687 163 728 Suculae
174 681 196 725 Ξι
207 681 324 725 succo.
359 685 522 740 sicergo
538 686 609 733 ait,
628 686 841 738 Pluviasque

0 766 1 779 ι
30 743 180 798 Hyadas
194 756 204 781 Ζ
221 753 274 789 ut,
289 746 539 797 Plemmyrium
551 743 730 795 undoficm.
758 741 841 781 Alii

31 798 184 854 Hyadas
196 797 244 838 ab
245 818 275 854 y
287 799 417 840 littera
430 801 564 840 dicunt
576 811 589 845 3
622 800 683 838 vel
709 797 781 837 Xm‘
807 796 838 838 5⁰?

37 856 94 909 ὑὸς
107 885 119 902 ,
136 855 176 896 id
190 854 243 896 est
258 885 270 902 ,
287 854 370 897 sue:
402 858 444 896 in
457 860 562 907 cuius
573 855 744 896 formatae
755 852 841 894 sunt

27 911 183 953 faciem-
217 916 317 954 Nam
329 914 420 954 ideo
431 927 493 954 eas
505 914 660 968 quidam
678 914 836 952 suculas.

30 966 114 1010 sues
136 967 279 1011 scilicet
311 970 385 1011 dici
399 973 564 1012 tradunt.
595 976 672 1011 Has
684 969 837 1023 quidam

29 1027 209 1083 Vergilias
231 1027 392 1075 dicunt,
417 1027 519 1082 quod
543 1041 628 1068 vere
640 1025 779 1066 florido
791 1038 839 1065 o-

30 1083 190 1125 tiantur.
228 1089 292 1124 Hae
304 1098 431 1125 autem
444 1085 596 1125 fuerunt
609 1114 622 1132 ,
649 1096 690 1123 ut
703 1083 767 1122 alii
780 1082 841 1122 di-

30 1152 138 1187 cunt,
156 1141 327 1182 Atlantis
340 1142 447 1182 filim:
477 1154 518 1181 ut
530 1142 614 1188 alii,
625 1138 756 1180 Liberi
770 1153 840 1179 nu-

30 1199 163 1246 trices,
174 1212 256 1253 quae
269 1195 306 1238 se
319 1199 360 1238 in
375 1200 524 1252 pelagus
536 1197 662 1238 furore
674 1197 842 1250 praecipi-

31 1264 223 1295 taverunt.
253 1256 336 1295 Alii
359 1254 558 1295 Erechthei
584 1254 681 1294 filias
695 1266 764 1307 pro
775 1266 841 1306 pa-

32 1311 107 1351 tria
119 1308 156 1351 se
169 1314 287 1351 morti
300 1310 477 1352 obtuliss'e
489 1314 611 1359 ajunt,
631 1324 721 1365 quas
735 1314 842 1350 Pria-

34 1368 106 1407 das
119 1379 255 1408 vocant
269 1396 284 1416 ‚
309 1369 411 1422 quod
436 1370 588 1408 Prionis
599 1367 687 1407 filia:
700 1365 770 1407 effe
782 1367 842 1407 di·-

33 1436 166 1465 cantur
182 1439 191 1463 ε
232 1425 386 1478 quidam
412 1426 565 1479 Hyadas
580 1454 591 1471 ,
618 1425 666 1464 ab
691 1429 845 1478 Hyante

30 1478 148 1522 fratre
167 1508 179 1526 ,
203 1494 318 1535 quern
341 1483 544 1523 inventum
560 1483 773 1522 ettinc'ium
785 1479 845 1522 us-

34 1551 110 1592 que
131 1537 178 1578 ad
198 1549 366 1579 mortem
380 1539 586 1580 doluerunt
600 1567 616 1587 ‚
644 1538 766 1579 distas
779 1553 848 1594 pu·

37 1605 136 1635 tant.
167 1597 323 1635 Servius.

91 1655 301 1706 pluviasque
313 1653 498 1708 Hyadas]
530 1651 645 1693 Unde
670 1652 788 1693 Ovld.
808 1667 841 1707 5.

37 1707 233 1749 Fastorum
249 1724 260 1748 ι

63 1773 135 1807 Ora
145 1768 276 1807 micant
289 1770 396 1806 Tauri
395 1768 535 1821 septem
546 1766 731 1807 radiantia
737 1766 845 1821 flam-

204 1826 286 1870 mtls,

100 1882 243 1921 Navita
270 1894 359 1935 quas
375 1885 412 1920 H
402 1878 528 1933 yadtts
541 1885 670 1935 Grajus
681 1882 726 1921 ab
736 1881 846 1921 'imbre

186 1949 298 1977 UOCdt.

36 1990 191 2034 Videtur
215 1992 440 2047 Pimpontio
453 1991 671 2043 abjestione
683 1993 844 2044 epitheti

35 2049 297 2103 ignorantiam
320 2063 459 2091 eorum
483 2049 734 2103 perstrinxiss'e
757 2054 846 2091 Ma-

33 2118 80 2146 ro
94 2133 106 2153 ,
133 2108 197 2162 qui
211 2107 358 2161 Hyadas
372 2107 508 2147 Latine
521 2120 716 2149 verterunt
739 2115 846 2148 Sucu-

34 2166 107 2211 las,
119 2173 303 2219 tanquam
316 2163 387 2204 &⁷113
401 2168 430 2203 ’ἢ
444 2162 513 2204 ὑῶν
525 2193 537 2212 ,
561 2164 601 2204 id
615 2165 668 2214 est
681 2194 695 2213 ‚
706 2168 847 2218 ficibus,

43 2233 126 2259 non
151 2217 227 2260 ὕειν
240 2249 252 2266 ,
279 2222 320 2261 id
333 2221 386 2261 est
403 2251 414 2267 ,
438 2224 553 2271 pluere
569 2251 579 2268 ‚
605 2222 845 2264 dicerentur:

34 2275 179 2317 faciens
190 2291 276 2319 cnm
290 2276 509 2318 doffiffimo
520 2280 671 2319 Tirone
686 2281 845 2320 Cicero-

41 2333 122 2382 nis,
150 2336 215 2388 qui
226 2348 311 2375 eam
325 2333 596 2376 absurditatem
608 2334 685 2389 ipse
696 2350 849 2391 quoque

40 2392 186 2431 notarit
202 2405 211 2430 :
236 2392 283 2432 de
295 2405 372 2447 quo
384 2393 481 2444 apud
497 2394 693 2446 Agellium
704 2392 774 2432 lib.
785 2406 845 2447 ¹3·

35 2460 70 2487 c.
87 2461 125 2502 9.
158 2449 307 2489 Servius
321 2452 360 2489 &
375 2446 498 2488 Bassus
511 2446 532 2488 Ξι
543 2451 638 2495 flacco
659 2450 780 2490 distas
805 2463 847 2490 a-

36 2504 299 2555 juntSuccalas
316 2524 328 2546 .-
352 2506 455 2560 quod
481 2518 634 2560 propter
658 2518 789 2546 ortum
809 2509 848 2547 δε

1566 561 1708 623 Infe-

891 677 940 717 lis
951 675 1110 731 plaustra
1123 675 1315 716 dicuntur.
1346 678 1504 716 Servius.

954 750 1050 786 745.
1079 734 1187 791 Qicl
1210 745 1353 776 tantum
1380 741 1509 773 Oceano
1527 746 1714 789 properent

882 793 924 842 [ἓ
935 793 989 830 tin
990 806 1093 847 gnere
1094 795 1183 843 so'les
1195 790 1383 842 Hiberni]
1400 789 1639 846 Qid,quam
1651 790 1708 830 ob

892 847 1042 887 causam
1068 859 1288 900 properent.
1343 844 1608 900 Hemisphaetii
1633 847 1710 890 hoc

893 903 983 943 facit
995 904 1110 943 ratio:
1125 905 1212 958 quia
1228 905 1355 944 hieme
1369 905 1434 944 Sol
1446 903 1622 946 breviore
1633 906 1712 947 uti·

893 972 955 1002 tur
965 961 1117 1002 circulo.
1151 961 1268 1002 Idem.

951 1018 1252 1074 Tinguerefhles]
1278 1018 1524 1071 Demergere.
1539 1022 1632 1060 Soles
1644 1033 1710 1060 ve-

895 1086 940 1113 ro
952 1089 1024 1129 pro
1037 1075 1171 1116 diebus
1184 1074 1326 1129 posuit,
1338 1085 1395 1121 ut,
1408 1077 1488 1115 Tris
1500 1076 1578 1115 adeo
1590 1080 1709 1119 incer-

893 1142 947 1172 tos
957 1150 1046 1174 coeca
1062 1137 1208 1190 caligine
1221 1135 1310 1172 Soles
1322 1137 1500 1172 Erramm.
1532 1133 1658 1174 Idem.

950 1196 994 1229 Se
1018 1194 1175 1247 tinguere
1188 1191 1315 1243 splen]
1342 1192 1391 1228 In
1401 1191 1572 1245 antiquis
1585 1190 1706 1231 dubio

894 1248 1024 1298 procul
1046 1247 1126 1288 fere
1140 1246 1327 1287 omnibus
1344 1275 1357 1293 ,
1391 1249 1546 1302 tinguere
1568 1249 1712 1302 legitur

894 1315 963 1355 pro
973 1308 1123 1361 tingere:
1135 1323 1156 1344 u
1168 1306 1270 1345 inter
1274 1322 1298 1361 g
1314 1305 1355 1343 ὅ(
1370 1320 1383 1343 e
1396 1304 1545 1344 litteras
1559 1306 1710 1346 medias

894 1359 960 1401 fita
974 1391 988 1409 ‚
1013 1376 1056 1402 ex
1068 1362 1247 1402 instituto
1261 1361 1391 1406 Attii,
1420 1374 1545 1416 neque
1562 1365 1704 1403 Gram-

896 1420 1025 1458 matici
1038 1421 1205 1474 plerique
1218 1420 1267 1460 ab
1281 1418 1353 1458 hoc
1366 1417 1484 1458 verbo
1496 1437 1519 1458 u
1529 1421 1705 1462 litteram

894 1476 1096 1523 rejiciunt:
1124 1490 1242 1532 quum
1255 1478 1299 1516 iu
1312 1492 1410 1530 urgeo
1424 1503 1440 1523 ‚
1464 1476 1505 1515 &
1517 1493 1604 1532 ungo
1616 1491 1705 1518 eam

895 1545 1136 1589 nequaquam
1162 1534 1386 1573 admittant.
1426 1536 1482 1573 Ut
1507 1534 1608 1587 apud
1631 1541 1707 1576 Ve-

891 1590 990 1629 lium
1004 1596 1184 1645 Longum
1194 1589 1265 1631 est.
1291 1587 1480 1631 Adversus
1495 1602 1627 1632 tamen
1640 1604 1710 1633 cu-

894 1648 952 1695 jus
977 1645 1212 1688 sententiam
1226 1648 1441 1687 flatomnis
1452 1660 1553 1700 pene
1569 1650 1710 1690 veteris

893 1702 1114 1757 scriptionis
1124 1703 1372 1746 consuetudo.
1403 1706 1557 1745 Pierius.

951 1764 1048 1816 746.
1086 1767 1156 1803 Vel
1184 1778 1258 1818 quae
1281 1762 1401 1802 tardis
1428 1778 1522 1802 mora
1549 1764 1709 1804 noffihur

891 1818 1032 1874 obsim]
1059 1821 1185 1861 Tardis
1197 1849 1210 1867 ,
1228 1832 1310 1859 non
1323 1819 1453 1872 longis
1459 1816 1545 1869 ‚sed
1558 1816 1710 1868 testinis,

895 1877 933 1915 id
959 1877 1038 1923 est,
1068 1876 1175 1917 tarde
1200 1877 1459 1917 venientibus.
1505 1883 1574 1918 Vel
1595 1879 1706 1918 enim

894 1933 1126 1982 disjunffiva
1138 1933 1192 1974 est
1202 1935 1289 1984 conj
1296 1934 1453 1974 unffio:
1487 1947 1557 1975 nec
1571 1935 1714 1988 patitur

895 1989 954 2030 bis
977 1992 1143 2032 eandem
1169 2005 1253 2031 rem
1275 1991 1364 2031 dici.
1403 2004 1497 2044 ergo
1524 1992 1596 2031 hoc
1617 1993 1715 2033 dicit

892 2061 972 2103 quae
982 2046 1088 2089 causa
1101 2049 1152 2090 est
1165 2051 1390 2103 longorum.
1423 2052 1582 2090 Servius.

951 2107 1114 2159 Tarda]
1134 2103 1507 2160 Nonlongis,cauffa
1516 2120 1610 2161 ergo
1622 2108 1714 2147 lon-

892 2176 1033 2216 gorum
1057 2164 1207 2205 dierum
1245 2165 1347 2204 ratio
1374 2164 1551 2205 similiter
1587 2165 1717 2205 hemi*

894 2219 1041 2274 sphaerii
1064 2221 1129 2262 est.
1176 2222 1293 2262 Idem.

951 2291 1047 2329 747.
1079 2282 1300 2336 Ingeminant
1320 2280 1443 2332 plausit
1469 2279 1567 2330 Tyrii
1589 2283 1714 2332 Troes-'-

895 2351 959 2389 que
968 2336 1206 2390 sequuntur-J
1232 2335 1441 2375 Imitantur
1454 2367 1465 2382 ‚
1483 2338 1522 2375 &
1538 2334 1646 2377 bono
1658 2336 1715 2377 est

897 2389 980 2431 usus
993 2391 1132 2432 ordine
1148 2421 1161 2439 ,
1187 2404 1229 2432 ut
1240 2393 1343 2446 prius
1357 2392 1582 2444 plauderent
1594 2395 1710 2434 cives.

901 2452 979 2489 Nec
1000 2449 1108 2488 enim
1131 2461 1312 2502 poterant
1335 2449 1448 2488 aliter
1460 2449 1599 2489 audere
1611 2465 1712 2506 pere-

892 2509 991 2561 grini
1006 2534 1018 2552 ,
1044 2507 1109 2561 qui
1128 2504 1424 2560 exspectabant,
1451 2519 1493 2546 ut
1508 2505 1714 2549 noscerent

37 2559 209 2603 occasum
228 2576 316 2604 cum
344 2564 433 2604 Sole
457 2560 584 2604 succos
605 2591 622 2612 ‚
648 2563 794 2604 imbres
807 2577 850 2604 ac
900 2575 1068 2602 morem.
1097 2565 1212 2603 Unde
1226 2565 1266 2604 ὃ(
1282 2561 1403 2616 stipi-a,
1424 2568 1468 2602 Ec
1483 2563 1712 2607 vosbcoetum

38 2619 390 2673 pluviasinducant.
425 2622 570 2661 Taubm.

96 2679 311 2732 Pluviase'Jue
324 2677 512 2732 Hyadas]
539 2677 598 2717 Sic
617 2678 747 2732 pluviis
772 2677 850 2718 die-

900 2623 997 2673 Tyrii
1006 2621 1174 2661 celebrate
1177 2625 1365 2673 fizvemes.
1397 2620 1520 2661 Idem.

956 2681 1180 2731 Ingeminant
1189 2680 1308 2732 plaustr
1323 2679 1456 2731 Tyrii]
1483 2682 1531 2717 In
1559 2682 1714 2719 Rorna-

40 2730 115 2778 bm,
130 2733 169 2773 δι
181 2734 277 2787 apud
292 2739 491 2775 Catonem
515 2733 563 2775 de
575 2748 614 2775 re
628 2735 734 2775 Rust.
758 2749 852 2776 tem-
902 2747 954 2774 no
967 2722 1117 2784 co‘dice,
1134 2736 1175 2775 in
1189 2735 1370 2775 Mediceo
1384 2763 1394 2780 ‚
1409 2736 1449 2774 &
1463 2736 1614 2789 aliquot
1626 2738 1717 2778 aliis

30 2788 334 2844 pestatespluviae.
350 2791 446 2833 vide
461 2793 692 2833 sanstMin.
709 2793 847 2847 p-285.
895 2790 1184 2847 antiquiffimis,
1198 2793 1317 2847 plaufh
1329 2789 1413 2832 casu
1424 2790 1589 2846 septimo
1594 2796 1721 2849 ,quod

36 2849 65 2885 E
70 2849 244 2901 mmeneffi

899 2862 1140 2905 nequaquam
1153 2847 1337 2902 displicet.
1383 2854 1478 2889 Sunt
1500 2863 1631 2891 tamen
1647 2864 1712 2892 co-

95 2905 313 2958 Geminofiyue
326 2905 503 2957 Tamen]
530 2906 849 2958 septemtriones,
900 2905 1499 2962 dices,quiptaufi‹magnoscunt.
1527 2911 1686 2949 Pierius.

38 2957 78 2997 id
90 2958 160 3006 est,
171 2962 400 3008 Helitemj&
414 2960 665 3016 Cynosuram.
700 2967 851 3027 Etpro·

952 2967 1048 3015 748.
1076 2971 1151 3006 Nec
1164 2981 1231 3004 non
1243 2971 1293 3011 (9⁴
1310 2965 1449 3016 varim]
1475 2969 1574 3004 Arte
1586 2968 1717 3019 po'e'ti-

38 3016 119 3068 prie
130 3020 258 3057 triones
271 3017 355 3059 sunt
367 3017 485 3059 boves
497 3021 653 3061 aratorii
669 3047 684 3068 ‚
696 3034 760 3073 qui
775 3033 852 3060 ter·
900 3033 942 3060 ca
955 3022 1089 3068 utitur,
1104 3034 1145 3061 ut
1159 3022 1362 3075 praem'ittat
1375 3021 1520 3077 aliquid
1538 3049 1550 3068 ,
1565 3036 1643 3077 quo
1656 3022 1713 3064 se-

36 3083 121 3112 tam
148 3086 287 3115 terunt.
321 3078 412 3115 Non
426 3078 745 3130 ergoinconzrue
758 3077 853 3118 dixit
901 3092 1021 3133 quens
1043 3079 1141 3119 libet·
1167 3078 1339 3118 videatur
1363 3076 1436 3119 effe
1459 3081 1715 3127 coniunstus:

283 3131 291 3140 .
340 3130 353 3138 v

42 3132 183 3172 Triones
201 3148 214 3171 .·
231 3144 317 3188 quia
330 3135 472 3187 ieptem
487 3135 637 3180 triones
650 3132 672 3177 Ξι
683 3136 853 3177 nonnul·

899 3134 1003 3191 quod
1017 3136 1061 3177 in
1073 3135 1257 3179 omnibus
1270 3135 1404 3179 servat.
1434 3139 1588 3178 Servius.

1526 3207 1617 3255 749.
1634 3203 1720 3237 Zon-
