2037 3787
437 138 498 197 AE
531 156 571 194 N
604 155 636 194 E
670 155 699 198 11,
734 157 775 201 D
809 156 845 195 ο
881 155 905 195 s
1402 199 1405 206 .

29 244 131 323 285
149 234 356 300 Defeffi
374 234 643 317 aspicimus
665 240 678 297 l
701 259 814 318 quae
831 233 996 296 cauffa
1012 236 1224 318 indigna
1240 234 1452 294 serenos

990 138 1040 196 L
1063 156 1087 201 1
1110 133 1168 203 ΒΣ,
1202 137 1296 200 11.
1622 139 1730 218 '375

153 321 394 388 Foedavit
412 320 620 380 vultus?
639 338 724 378 aut
743 342 831 379 cur
848 318 957 378 haec
977 321 1184 379 vulnera
1208 340 1368 379 cerno
1387 322 1408 373 ?

162 406 258 463 Ille
278 403 435 469 nihil:
457 422 556 461 nec
573 423 660 460 me
678 421 1001 483 qua-‘rentem
1016 424 1145 467 vana
1166 420 1393 465 moratur
1412 424 1427 458 z

156 486 258 545 Sed
277 486 502 567 graviter
517 486 739 567 gemitus
755 488 865 553 imo
882 485 947 551 de
967 488 1181 564 petstore
1199 485 1419 546 ducens,

151 572 277 627 Heu
297 566 415 650 fuge
434 607 451 634 ‚
469 586 587 627 nate
606 568 722 634 dea,
766 588 923 648 teque
940 568 1018 626 his
1035 609 1051 634 ,
1073 568 1140 626 ait
1160 607 1177 634 ,
1197 569 1339 646 eripe
1358 563 1609 636 flammis

29 672 99 730 29
111 675 145 712 o
158 650 339 710 Hostis
360 652 514 710 habet
534 673 710 710 muros
728 677 740 710 :
763 655 861 711 ruit
878 653 986 709 alto
1007 651 1035 708 ὲ
1053 651 1279 710 culmine
1298 651 1489 723 Troja.

154 739 241 792 Sat
257 736 428 813 patriae
448 735 759 813 Priamoque
778 735 971 793 datum.
1017 730 1054 788 fi
1069 741 1319 812 Pergama
1332 732 1512 791 dextra

149 815 386 880 Defendi
399 815 601 898 pofl'ent
615 857 631 884 ‚
653 819 812 877 etiam
832 816 924 874 hac
943 811 1147 880 defensa
1164 813 1378 875 fuiffent.

1566 899 1716 953 Sacra

82 1000 176 1071 ²85'·
207 1018 402 1076 Indigna]
425 1023 505 1061 Aut
521 1019 756 1075 teindigna‚
777 1032 842 1063 aut
897 1011 1122 1066 desperatio.
1164 1019 1299 1058 Muros
1320 1012 1463 1056 scilicet
1477 1043 1491 1065 ‚
1515 1012 1654 1070 quibus
1676 1009 1715 1054 se

22 1076 208 1117 andella·
237 1077 347 1116 Idem.

79 1133 259 1185 Serenus]
286 1134 431 1173 Hilares
453 1133 631 1188 antiqui,
655 1129 840 1174 &econ-

23 1190 144 1232 tratio
157 1189 298 1238 tristes,
311 1193 442 1230 nubilos
454 1190 646 1230 dicebant.
682 1191 796 1231 Idem.

83 1247 176 1288 286.
206 1247 406 1298 foedavit]
424 1247 653 1286 cruentavit
666 1274 681 1295 ,
696 1259 737 1287 ut
748 1256 839 1288 San-

19 1304 127 1358 guine
145 1302 360 1354 foedantem.
394 1308 440 1342 Et
465 1302 565 1342 bene
581 1304 839 1356 permanfitin

26 1358 272 1399 transsatione
286 1387 298 1405 ,
313 1360 401 1413 quia
413 1356 519 1412 supra
531 1360 675 1400 dixerat
687 1390 698 1407 ‚
718 1366 835 1401 olax.

24 1415 122 1456 Ideo
137 1418 320 1469 &serenos
332 1444 343 1461 ‚
368 1415 456 1455 ideo
473 1418 688 1466 &faeda-ait.
736 1422 836 1458 Nam

27 1471 157 1512 salust.
184 1471 231 1513 de
253 1471 450 1522 nubibus,
479 1472 671 1515 Foedavere
689 1479 833 1516 >lumen.

26 1529 156 1572 adem.

62 1586 172 1636 ¹287.
210 1587 277 1625 Ille
288 1583 413 1637 nihii]
439 1585 590 1627 Scilicet
614 1587 660 1628 ad
673 1588 840 1628 interro-

23 1652 123 1697 gata.
152 1643 334 1693 Pleraque
358 1643 465 1682 enim
487 1643 598 1684 verba
614 1658 657 1685 ex
673 1648 840 1700 negotiis

20 1697 556 1752 accipiuntfignificationem.
588 1701 709 1743 Idem.

80 1757 228 1807 Vama]
257 1754 372 1796 Falsa.
404 1757 522 1798 Idem.

78 1813 168 1856 288.
202 1814 394 1865 Gemitu5.]
410 1816 488 1854 Nec
501 1812 607 1854 enim
622 1826 758 1867 parvus
769 1812 840 1853 do-

23 1869 84 1910 iot
107 1868 186 1918 est,
219 1870 306 1909 viro
315 1869 561 1911 fortifottem
575 1872 696 1912 virum
711 1870 839 1924 fugam

23 1923 190 1967 suadere.
229 1931 277 1966 Et
292 1927 508 1968 notandum
521 1941 661 1969 omnes
673 1925 842 1968 suasoriae

23 1996 148 2038 patres
161 1982 332 2023 hocloco
343 1985 554 2024 contineri.
587 1986 700 2026 Idem.

82 2047 167 2080 Gem
204 2043 278 2081 imo·
292 2041 336 2081 de
357 2041 449 2096 pebl.
470 2042 639 2094 ducens]
668 2040 729 2081 Est
753 2039 839 2088 hoc=

22 2097 129 2153 quod
156 2097 338 2137 Pindarus
361 2098 436 2138 od.
466 2112 504 2147 4.
522 2102 635 2139 Nem.
667 2097 840 2153 γλῶσσα

28 2153 146 2209 φρενὸς
160 2153 214 2205 ὲξὲ
222 2165 277 2192 λοι
291 2151 462 2201 βαθείας.
494 2155 625 2196 cerda.

81 2211 176 2264 289.
202 2217 310 2267 Fuge,
323 2224 405 2251 nate
417 2212 533 2265 Dm]
545 2209 758 2268 Propofitio
769 2210 840 2252 est.

30 2270 185 2307 Servius.

83 2329 165 2363 Heu
176 2323 302 2379 fuga]
331 2323 427 2364 vito
447 2322 542 2363 forti
553 2321 682 2377 fugam
695 2321 839 2371 suadet,

25 2393 140 2436 quam
169 2393 252 2420 non
272 2377 471 2428 suaderet,
497 2379 523 2419 fi
548 2379 747 2433 superess'et
771 2382 843 2421 ali-

25 2438 137 2492 quid,
153 2439 211 2477 cui
225 2434 346 2488 posset
359 2434 562 2478 subveniri.
596 2441 689 2477 Mox
702 2436 839 2478 subue-

29 2496 101 2534 stit
111 2492 260 2534 causam
277 2522 290 2541 ,
314 2500 392 2549 quae
405 2507 565 2534 omnem
579 2495 657 2534 vim
672 2493 841 2548 despera-

27 2552 151 2601 tionis
165 2551 358 2590 continet.
393 2555 572 2590 Donatus.

86 2609 195 2660 His]
228 2606 441 2649 ΔεικἾικῶς.
473 2611 632 2648 Servius.

85 2665 193 2717 His]
221 2663 428 2706 Δειιίῖικῶς.
456 2666 618 2719 Virgilio
633 2662 732 2705 haefit
744 2665 839 2704 Flac.

32 2731 72 2774 7.
91 2727 239 2775 Argon.

56 2778 131 2819 Sed
143 2778 254 2833 magis
265 2777 320 2817 his
332 2778 495 2830 mtfiram
511 2807 523 2825 ‚
551 2790 724 2832 quantum
748 2789 846 2835 potes

175 2838 269 2886 eripe
280 2837 390 2874 curis.
504 2836 646 2876 Cerda.

87 2893 189 2946 Eripe
211 2891 412 2944 flammis]
445 2893 565 2932 utile.
601 2897 669 2931 An
685 2888 849 2931 necessa-

34 2947 137 2986 -tium
155 2975 168 2995 ‚
198 2949 314 3002 Hostis
340 2948 445 2988 habet
469 2966 581 2989 murm
598 2966 610 2989 .·
640 2955 707 2988 An
731 2949 855 2988 hone-

33 3003 136 3043 stum
152 3033 163 3051 ,
189 3013 299 3045 Sacra
309 3007 449 3058 fitofiyue
461 3008 529 3046 tihi
542 3006 762 3046 commendat
776 3014 857 3047 Tro-

31 3065 75 3116 ja
88 3074 248 3114 penates.
282 3062 449 3101 Servius.

898 1072 1012 1111 tutari
1027 1071 1245 1126 potuissent.
1278 1080 1453 1114 Donatus.

955 1133 1004 1169 ,Α
1017 1131 1205 1182 culmina]
1230 1134 1299 1170 Vel
1311 1134 1331 1169 a
1349 1130 1536 1183 dignitate
1551 1125 1613 1168 sua
1626 1156 1637 1174 ,
1652 1126 1714 1166 vel

897 1197 984 1224 vere
996 1190 1158 1236 culmine,
1171 1188 1210 1226 id
1225 1187 1291 1233 est,
1309 1185 1331 1227 a
1343 1189 1454 1227 testis
1467 1184 1553 1231 suis,
1569 1185 1711 1224 &ideo

892 1245 1041 1282 culmina
1056 1243 1158 1284 dista
1174 1242 1259 1285 sunt
1272 1247 1386 1290 testa,
1403 1245 1491 1298 quia
1505 1254 1649 1282 veteres
1663 1240 1712 1280 de

895 1300 1024 1339 culmo
1037 1300 1193 1340 aedificia
1205 1301 1478 1355 contegebant.
1512 1302 1673 1338 Servius.

953 1360 1039 1404 Ruit
1050 1362 1117 1397 alto
1129 1357 1152 1395 a*
1165 1363 1311 1399 culmine
1327 1358 1466 1412 Trojcnj
1498 1357 1630 1395 Tertia
1644 1354 1712 1394 de·

891 1408 1070 1463 speratim
1085 1415 1125 1454 id
1138 1415 1206 1461 est,
1223 1414 1394 1455 concidit
1409 1416 1484 1463 jam
1500 1442 1511 1460 ,
1526 1415 1586 1453 cui
1599 1423 1711 1466 pote-

894 1468 965 1508 stas
978 1468 1218 1512 subvenerat.
1251 1479 1430 1513 Dmatus.

953 1530 1040 1568 Ruit
1062 1531 1132 1568 alto
1145 1529 1170 1567 ax
1180 1531 1327 1569 culmine
1342 1527 1483 1584 Trajan]
1512 1529 1560 1565 In
1585 1523 1714 1564 Medi·

886 1594 964 1622 -ceo
973 1584 1104 1624 codice
1116 1597 1196 1625 non
1209 1586 1262 1626 est
1274 1601 1295 1624 a
1306 1583 1518 1639 praepofitio
1534 1611 1548 1630 ,
1576 1579 1641 1621 sed
1654 1579 1714 1621 su·

895 1652 959 1692 pra
984 1645 1053 1681 alto
1071 1670 1082 1687 ‚
1112 1644 1154 1682 ab
1180 1646 1237 1696 ιφ
1259 1640 1498 1696 ωθρρφρριπν
1514 1650 1711 1679 notatum.

896 1698 1043 1750 vulgata
1057 1710 1188 1738 tamen
1200 1699 1317 1739 led-io
1329 1728 1344 1748 ,
1364 1711 1442 1754 quae
1456 1696 1508 1738 est
1521 1699 1590 1735 alto
1603 1696 1627 1734 ax
1638 1699 1713 1735 cul-

899 1757 990 1794 mine
1015 1752 1103 1795 satis
1115 1755 1285 1810 pluribus
1296 1755 1418 1796 facere
1432 1755 1594 1798 videtur.
1626 1754 1714 1794 Pie·

896 1824 984 1850 flus-

952 1881 1001 1924 29
1010 1881 1042 1909 1.
1073 1875 1140 1909 Sat
1159 1871 1286 1925 patriae
1312 1870 1524 1922 Priamoque
1548 1864 1715 1918 datum]

898 1927 992 1964 Ecce
1005 1927 1046 1966 &
1059 1925 1130 1965 hoc
1145 1925 1364 1971 honestum,
1386 1938 1476 1964 nam
1489 1936 1622 1963 contra
1635 1922 1713 1963 fata

895 1983 1028 2022 venire
1052 1982 1202 2024 constat
1226 1984 1429 2024 nerninem
1444 1977 1558 2035 posse.
1590 1985 1711 2034 Ergo,

898 2045 964 2078 Sat
973 2042 1101 2094 patriae
1115 2043 1324 2096 Priamoque
1339 2040 1476 2084 datum,
1491 2038 1549 2077 vel
1562 2035 1712 2091 regnas-

896 2092 933 2134 se
949 2114 959 2143 3
986 2097 1045 2137 vel
1069 2094 1124 2136 sat
1145 2110 1216 2151 pto
1240 2098 1363 2152 patria
1373 2094 1426 2136 est
1440 2095 1594 2135 Priamo
1607 2095 1714 2134 mili-

896 2149 999 2192 tass‘e.
1028 2156 1187 2194 Servius.

934 2214 996 2248 Sat
1004 2213 1131 2265 patriae
1144 2211 1354 2265 Priamoque
1363 2208 1526 2261 datum]
1538 2212 1592 2249 Ut
1605 2205 1712 2246 Pria·-

895 2276 965 2305 mo
977 2264 1117 2308 veniffe
1128 2268 1333 2308 interitum
1342 2265 1556 2306 denotaret.
1567 2271 1714 2311 Donat.

950 2329 1016 2363 Saee
1034 2327 1161 2378 patriae
1188 2326 1394 2378 Priamoque
1418 2322 1578 2374 datum]
1606 2319 1715 2361 Infra

894 2375 964 2418 lib.
978 2392 1017 2433 9.
1031 2388 1096 2421 Sat
1113 2382 1212 2432 fatis
1224 2383 1424 2436 Venerique
1435 2380 1580 2419 dacum.
1613 2382 1714 2418 Get-

898 2446 1052 2475 manus.

951 2496 991 2531 Si
1005 2501 1178 2548 Pergama
1188 2492 1330 2533 dextra.
1342 2493 1357 2543 ]
1371 2489 1485 2545 Qafi
1495 2489 1713 2535 dicat,con-

896 2560 951 2588 tra
966 2561 1116 2589 tantam
1130 2551 1210 2588 vim
1226 2578 1237 2595 ,
1253 2549 1351 2589 nihil
1364 2551 1489 2588 valete
1501 2547 1711 2588 humanam

895 2607 1073 2646 virtutem
1089 2622 1099 2646 ε
1132 2608 1172 2646 δε
1186 2605 1337 2657 probat,
1354 2620 1432 2660 qua:
1443 2604 1469 2644 si
1484 2602 1631 2656 pofl'ent
1644 2605 1711 2644 de-

896 2662 1002 2702 fendi
1021 2691 1031 2710 ‚
1061 2661 1215 2704 defensa
1226 2661 1380 2703 fitiffent
1394 2663 1460 2702 hac
1471 2660 1612 2702 scilicet
1626 2674 1715 2702 mea

900 2720 1040 2760 dextra.
1068 2727 1241 2760 Donatus.

957 2791 1050 2832 292.
1077 2782 1203 2819 Etiam.
1211 2779 1228 2829 ']
1258 2777 1372 2817 Multi
1385 2773 1622 2829 distinguunt
1634 2803 1646 2821 ‚
1670 2785 1713 2814 ut

902 2834 946 2874 fit
960 2835 1006 2874 ad
1013 2835 1080 2875 huc
1094 2850 1104 2873 :
1132 2847 1189 2880 ut,
1204 2838 1316 2873 Etiam
1331 2849 1452 2873 currus
1465 2861 1477 2878 ,
1493 2836 1601 2872 etiam
1613 2849 1717 2871 arma-

901 2904 1093 2931 tenentem.
1126 2893 1356 2944 Intelligunt
1367 2891 1474 2930 enim
1486 2902 1574 2928 eum
1589 2888 1718 2929 osten-

903 2947 991 2987 dere
1006 2946 1343 2995 voluiffe,Troiam
1357 2948 1554 2986 voluntate
1567 2946 1718 2989 divina,

895 3018 1012 3045 certo
1027 3019 1201 3058 tempore
1212 3002 1284 3044 esse
1296 3000 1489 3043 defensam
1499 3031 1509 3047 ,
1523 3005 1562 3042 &
1578 3016 1680 3042 nunc
1690 3000 1721 3042 fi

908 3059 1067 3102 salutem
1080 3075 1212 3101 tenere
1224 3075 1291 3114 per
1303 3061 1377 3100 fata
1392 3057 1572 3111 potuisset
1585 3089 1596 3105 ,
1613 3058 1724 3114 ipfius

90 3130 183 3172 293.
226 3118 343 3173 Hostis
368 3118 477 3161 habet
500 3117 656 3172 muros]
692 3117 861 3160 secunda
911 3133 1062 3176 quoque
1088 3120 1239 3161 dextera
1264 3116 1608 3171 potuissedefendi.
1655 3116 1726 3156 Sed

1262 3180 1300 3215 A
1313 3188 1333 3215 a
1359 3189 1383 3226 4
1597 3175 1736 3214 melius
