2037 3787
484 153 959 212 AENEIDOS

1044 156 1093 213 L
1118 175 1140 214 1
1163 177 1213 219 Β.
1257 160 1305 220 Ι.
1630 184 1736 240 229

170 259 292 326 Nec
309 273 414 313 tam
431 253 630 313 aversus
647 277 809 337 equos
829 258 995 335 Tyria
1007 259 1098 316 Sol
1113 261 1286 342 jungit
1301 258 1364 318 ab
1383 261 1526 322 urbe.

169 345 267 399 Seu
284 359 378 408 vos
395 335 703 417 Hesperiam
722 360 964 422 magnam
984 380 1000 407 ‚
1038 345 1371 425 Saturniaque
1389 366 1506 405 arva
1520 387 1536 411 ,

52 509 523 569 pido&obtusoiugenio
554 510 691 559 fimus,
724 525 766 555 ut
783 528 853 555 nos

42 571 220 612 mortalia
243 583 322 610 non
346 581 511 623 tangant
537 583 547 608 τ
579 574 693 618 &res
717 572 851 624 gestas.

42 639 182 681 magna
204 627 487 682 quantumlibet
510 627 767 668 admiratione
795 629 855 668 di-

40 685 426 738 gnasmegligamus:
460 688 540 724 Aut
564 695 719 738 propter
743 688 852 725 loco-

1619 427 1739 487 Sive

980 514 1128 556 Labitur
1156 543 1169 562 ‚
1214 516 1348 558 amauit
1380 529 1504 574 gentes
1556 521 1741 560 clementia

1129 577 1215 612 caeli.

917 624 1104 679 Qamvis
1119 628 1192 668 haec
1210 627 1530 684 Philosophorum
1543 628 1735 673 sententia

915 679 1029 733 possit
1055 685 1233 738 vellicari.
1269 689 1417 729 Servius
1441 701 1532 728 vero
1545 702 1632 729 cum
1651 694 1737 730 Do·

38 751 125 781 tun»
139 741 482 794 longinquitatem:
523 742 624 781 unde
639 743 719 789 fiat,
747 744 847 783 utad
914 749 1035 785 ⁰³10,
1064 743 1181 793 obtufi:
1215 747 1354 798 peHora
1378 774 1391 792 ,
1421 745 1727 800 interpretantur

38 808 114 837 nos
135 795 235 836 fama
259 797 435 838 nondum
450 801 651 851 pervenire
666 801 843 851 potuerit.

27 853 106 894 nis
118 853 301 893 omnibus
313 856 478 894 occurrit
498 854 621 903 Dido,
652 869 770 910 quum
785 856 845 897 di-

30 920 93 949 eat
107 906 307 950 nerninem
319 914 398 960 jam
413 909 487 951 esse
498 940 510 958 ‚
526 915 589 967 qui
595 928 704 968 genus
718 920 843 953 AEnea-

31 965 118 1006 dum
132 995 143 1014 ,
173 972 236 1021 qui
263 974 372 1022 Trojae
402 971 534 1019 neftiat
548 975 663 1010 urbem
679 987 691 1008 :
721 983 842 1024 quan-

28 1031 142 1077 taque
155 1026 293 1065 virtute
308 1027 375 1064 viri
390 1026 445 1064 illi
464 1025 606 1078 praediti
618 1025 758 1066 fuerint
774 1055 785 1074 ‚
799 1029 839 1068 &

30 1091 147 1133 quarn
175 1083 252 1122 late
280 1081 368 1122 belli
385 1083 466 1131 ejus
479 1080 700 1123 incendium
716 1082 751 1123 fe
766 1083 841 1123 dif-

31 1136 189 1179 fuderit.
218 1143 309 1179 Mox
323 1137 540 1192 subjungit,
568 1137 604 1178 sc
618 1140 732 1179 corde
745 1148 838 1193 pta:-

29 1193 142 1241 stare,
158 1198 198 1246 ὃς
210 1209 258 1236 eo
271 1197 393 1236 valere
405 1197 566 1249 ingenio
580 1224 591 1242 ,
609 1207 718 1236 utres
732 1210 838 1237 mor-

27 1251 165 1292 talium
190 1253 423 1306 perpendere
436 1253 603 1305 potuerit
618 1266 628 1290 ε
658 1254 775 1308 idque
787 1256 836 1294 il-

25 1307 94 1347 lud
119 1308 171 1350 est
187 1339 198 1355 ,
229 1318 307 1353 Non
317 1312 438 1361 obtuslz
449 1309 712 1364 adeogeslamus
721 1312 836 1364 pec‘lo·

25 1379 70 1404 ra
84 1370 198 1406 Poeni.
232 1365 345 1416 Quod
357 1378 450 1404 vero
463 1367 579 1405 tertio
592 1368 679 1406 loco
691 1370 835 1421 expeti-

23 1430 112 1467 tur,
146 1422 192 1462 de
202 1423 378 1462 locorum
392 1423 709 1475 intercapedine,
731 1426 839 1466 addit

25 1479 172 1530 Tyrum
186 1507 199 1525 ‚
233 1479 299 1519 ubi
311 1475 348 1518 se
378 1479 504 1531 postea
519 1480 567 1520 de
578 1482 760 1531 Troianis
771 1496 835 1523 au-

23 1532 118 1574 disse
132 1535 245 1582 dicet,
275 1540 426 1576 Teucro
444 1549 648 1577 narrante:
671 1552 751 1578 non
765 1538 837 1580 effe

22 1589 76 1630 ita
91 1592 133 1631 in
147 1595 324 1633 extremis
337 1605 444 1633 terra:
454 1595 551 1647 parti
558 1593 624 1634 bus
637 1593 757 1641 litam,
766 1611 834 1636 nec

25 1658 104 1687 tam
121 1646 295 1690 {circulo
309 1679 320 1697 ,
353 1664 469 1703 quem
484 1648 537 1690 sol
552 1652 677 1691 ambit
697 1681 710 1699 ,
743 1656 800 1693 vel
814 1652 836 1695 a

23 1706 202 1754 Trojano
226 1709 421 1761 parallello
432 1705 633 1762 sepositam
648 1738 658 1754 ,
692 1721 733 1750 ut
745 1724 834 1762 pro-

22 1773 106 1814 pter
120 1763 305 1805 immensa
317 1766 494 1805 locorum
513 1766 717 1806 intervalla
733 1767 835 1809 fama

20 1828 213 1883 &tantarum
226 1835 353 1863 rerum
365 1835 412 1865 eo
422 1824 622 1874 pervenire
649 1826 834 1879 nequive„

19 1886 96 1916 nt:
121 1891 246 1933 eoque
255 1877 395 1933 spestat
409 1877 610 1920 versusille
630 1908 642 1927 ,
673 1888 745 1922 Nec
759 1894 832 1924 tam

19 1939 170 1986 averfhs
195 1953 298 1991 equos
325 1941 429 1990 Tyria
443 1940 498 1990 sol
518 1940 639 1993 jungit
663 1941 708 1979 ab
732 1943 829 1980 urhe.

19 1992 105 2030 Haec
115 1994 276 2033 memini
292 1994 572 2034 M.Ant0nium
587 1993 832 2045 sabuiicuin,

13 2058 282 2101 praeceptotem
296 2065 489 2100 meum,ex
502 2058 646 2092 Veneta
655 2054 833 2094 cathedra

16 2103 209 2146 docuisse:
239 2111 296 2148 Ne
320 2122 452 2149 tamen
467 2137 480 2155 ,
506 2107 572 2148 etfi
584 2121 624 2148 ea
637 2112 826 2161 placeant,

18 2163 137 2201 Servii
163 2162 394 2205 sententiam
421 2165 635 2214 rejiciamus
653 2180 664 2204 :-
693 2170 828 2208 Ovi-dii

18 2229 158 2258 monet
175 2223 348 2269 Parodia,
361 2223 422 2277 qui
439 2224 480 2264 in
493 2222 654 2263 eandem
670 2221 825 2266 senten-

16 2274 114 2315 tiam
139 2276 275 2317 dixerit
300 2279 340 2318 in
365 2278 565 2319 amoribus
578 2308 589 2325 ‚
622 2286 830 2335 Averfiaem-

1 2348 79 2384 ‚que
92 2333 186 2372 diem
198 2335 321 2385 mensis
326 2337 522 2386 furialibus
537 2341 669 2377 Atrei.
699 2339 828 2394 Qem

16 2389 123 2427 enim
138 2391 230 2431 die-m
242 2390 369 2444 pos'uit
382 2393 544 2433 Ovidius
560 2422 571 2439 ‚
593 2397 829 2448 Marofolem

13 2447 181 2498 apertius·
200 2451 430 2489 nominavit.
465 2453 615 2489 Pierius.

73 2508 151 2544 Non
161 2506 276 2558 obtufiz
287 2508 391 2554 adeo,
405 2508 510 2560 φα]
545 2510 634 2546 Non
647 2506 701 2545 ita
714 2505 828 2547 craffii

17 2559 132 2599 nobis
146 2558 231 2600 sunt
250 2563 403 2616 ingenia
421 2578 430 2602 z
459 2577 528 2602 nec
539 2563 636 2603 adeo
650 2563 777 2604 obtuli·
788 2568 827 2605 δε

14 2615 173 2657 hebetes
198 2619 393 2675 ignarique
419 2618 556 2661 snmus.
608 2620 828 2661 Obtufiores

12 2673 120 2713 enim
133 2687 314 2727 putantur
327 2676 398 2718 effe
410 2707 422 2725 ‚
454 2679 518 2732 qui
530 2678 684 2730 longius
696 2678 746 2718 ab
758 2693 824 2719 au-

13 2727 57 2771 ra
76 2733 172 2771 Solis
200 2735 250 2773 ὅς’
267 2745 401 2789 tepore
426 2736 619 2775 incoluntt
644 2746 687 2774 ut
698 2737 829 2788 populi

9 2784 466 2846 stptentrionales.Qod
479 2790 717 2832 annotatum
727 2797 828 2833 Cor·

10 2844 138 2888 radus.
171 2849 210 2887 &
224 2849 391 2890 Turneb.
409 2850 476 2889 lib.
488 2851 548 2891 18.
561 2862 637 2901 cap.
649 2861 666 2900 3
677 2863 713 2890 2.
730 2850 828 2903 Qi-

14 2899 84 2940 bus
96 2899 345 2946 assentiuntur
358 2906 473 2947 hodie
497 2907 603 2947 dosti
632 2905 712 2946 fere
739 2921 824 2947 om-

14 2969 101 2997 nes.
131 2958 352 3014 Philosophi
377 2977 477 3004 certe
503 2964 682 3018 gentium
698 2977 827 3004 mores

10 3013 52 3053 &
86 3013 204 3056 studia
228 3016 367 3074 ubique
379 3023 566 3074 temperie
579 3022 773 3074 plagarum
787 3023 827 3062 ὃς

9 3071 98 3112 Sole
113 3074 338 3115 metiuntun
369 3082 428 3118 Ita
441 3080 481 3119 ὅ(
495 3082 691 3117 Lucanus:

60 3129 250 3190 Qicquid
273 3132 321 3172 ad
342 3138 423 3177 Eoos
461 3134 598 3177 ίνιτᾶἕὲι
635 3133 822 3191 mundique

181 3199 341 3243 teporem

911 806 994 834 uon
1009 794 1157 849 stupida
1183 810 1197 844 3
1236 798 1298 840 sed
1323 802 1502 842 crudelia:
1537 802 1730 843 referunt-

910 863 985 904 que
1009 854 1057 890 ad
1081 852 1249 894 fabulam
1275 857 1323 896 de
1339 858 1723 914 *AtreoecThyestae

908 919 1073 961 quorum
1099 910 1160 949 hic
1185 911 1288 952 filios
1318 912 1427 954 fratri
1440 917 1650 969 epulandos
1664 931 1733 971 ap-

908 962 1046 1015 posuit.
1077 968 1180 1021 quod
1205 967 1357 1011 facinus
1372 973 1438 1013 Sol
1453 972 1725 1021 abominatus,

905 1033 956 1060 ne
981 1023 1239 1074 pollueretur,
1280 1026 1437 1082 aufugit.
1473 1029 1604 1084 Qam
1640 1029 1730 1072 sen·

904 1080 1069 1120 rentiam
1084 1108 1099 1128 ,
1129 1083 1218 1136 quia
1239 1082 1287 1123 ad
1312 1085 1623 1129 confutationem
1650 1087 1729 1128 ob·

903 1135 1093 1182 jestorum
1117 1137 1256 1186 faciat,
1286 1143 1441 1182 tolerari
1467 1142 1569 1196 poste
1585 1174 1600 1193 ‚
1643 1148 1723 1185 Na-

901 1188 1139 1236 scirnbaenius
1150 1195 1290 1238 censtt:
1301 1200 1600 1241 alteramtamen
1612 1202 1721 1243 illam

895 1251 1109 1291 meliorem
1126 1251 1209 1293 effe.
1245 1257 1504 1311 Jacob.etiam
1519 1261 1719 1300 Fontanus

902 1304 1046 1361 Jesuita
1063 1337 1074 1355 ,
1103 1311 1252 1362 praefert
1265 1313 1385 1352 Servii
1400 1312 1650 1354 sententiam:
1668 1329 1718 1356 ne

901 1366 1017 1404 Poeta
1044 1365 1147 1406 binis
1179 1367 1342 1409 versibus
1367 1371 1472 1411 idern
1487 1371 1602 1411 dicat.
1636 1378 1719 1413 De-

900 1421 1017 1483 nique
1042 1427 1077 1480 J.
1096 1427 1148 1464 C.
1174 1427 1338 1480 Scaliger
1349 1427 1420 1468 lib.
1442 1442 1483 1483 3,
1498 1430 1562 1470 26.
1603 1428 1716 1470 illurn

900 1482 1046 1519 verium
1065 1509 1077 1527 ,

1025 1543 1102 1578 Non
1125 1539 1242 1590 obtusi:
1266 1538 1353 1578 adeo
1376 1546 1480 1585 ‚&c.

896 1591 995 1647 quali
1008 1591 1393 1636 sententiamlaudat.
1427 1601 1476 1637 Et
1501 1595 1570 1638 lib.
1591 1612 1626 1652 ς,
1644 1596 1708 1639 16.

894 1652 1087 1697 alterum5
1326 1685 1329 1689 Α

952 1713 1026 1748 Nec
1039 1721 1115 1748 tam
1126 1711 1271 1760 averfim
1284 1725 1386 1764 equos
1401 1738 1412 1755 ‚
1428 1716 1513 1755 &a

896 1763 1110 1818 imaginem
1140 1766 1336 1820 quandam
1360 1764 1434 1808 effe
1457 1768 1512 1807 ait
1550 1768 1710 1809 illorum

895 1823 1007 1862 statii
1026 1835 1040 1862 r
1052 1852 1063 1862 .
1081 1821 1281 1863 Thebaid..

1035 1899 1112 1911 ·-·--
1135 1882 1225 1935 quid
1235 1892 1318 1921 nota
1327 1880 1482 1922 recondis
1498 1883 1516 1925 ἒ

948 1939 1081 1977 Scimus
1092 1940 1162 1977 ait.
1194 1955 1256 1981 nec
1260 1939 1314 1992 fic
1327 1941 1593 1993 averficmfama
1619 1945 1709 1993 My-

1074 2010 1165 2035 Ci’nl‘!

953 2053 1072 2090 Volvit
1097 2055 1182 2092 iter·

892 2105 1058 2148 Taubm.

952 2165 1040 2217 568.
1072 2171 1149 2207 Nec
1181 2175 1256 2204 tam
1269 2167 1416 2211 aversus
1427 2181 1532 2221 equos
1547 2168 1712 2220 tyriasol

883 2222 1005 2276 jungit
1027 2222 1068 2262 ab
1082 2223 1204 2275 urba]
1231 2226 1316 2262 Hoc
1329 2221 1485 2270 est,non
1500 2223 1541 2262 in
1553 2224 1632 2264 alio
1645 2237 1709 2266 or·

892 2276 939 2315 be
966 2277 1196 2320 habitamus.
1231 2279 1306 2320 Sed
1327 2277 1454 2320 fabula
1478 2279 1553 2320 hoc
1578 2281 1707 2322 habet:

893 2335 1330 2389 Atreum&Thyestem
1354 2350 1561 2392 germanos
1576 2367 1587 2384 ‚
1614 2351 1703 2379 cum

889 2389 930 2429 in
943 2391 1169 2432 disstnfione
1183 2391 1250 2432 fibi
1262 2406 1403 2434 nocere
1429 2407 1513 2434 non
1537 2392 1703 2449 possent,

887 2446 931 2486 in
945 2447 1160 2489 simulatam
1173 2450 1341 2504 gratiam
1353 2448 1500 2490 rediisse
1515 2466 1526 2491 ι
1551 2464 1623 2507 qua
1635 2464 1705 2493 oc-

887 2503 1059 2553 casione,
1087 2506 1273 2560 Thyestes
1299 2520 1388 2548 cum
1414 2506 1542 2547 fratris
1585 2521 1704 2550 uxore

885 2563 1119 2608 concubuit;
1145 2561 1199 2602 ob
1225 2576 1341 2618 quam
1386 2561 1534 2605 caulam
1562 2572 1706 2608 Atreus

884 2617 1010 2659 fratris
1033 2620 1157 2660 filium
1169 2618 1344 2674 adposuit
1355 2622 1601 2673 epulandum:
1623 2636 1706 2678 quae

887 2678 952 2716 Sol
981 2690 1032 2716 ne
1073 2677 1242 2717 videndo
1283 2679 1517 2730 pollueretur
1535 2707 1547 2725 ,
1571 2681 1703 2721 radios

885 2730 971 2774 suos
983 2732 1032 2772 ab
1041 2746 1084 2772 ea
1095 2735 1250 2774 civitate
1262 2733 1429 2775 detorfit.
1464 2735 1537 2776 Sed
1562 2739 1703 2778 verita·

886 2790 938 2828 tis
951 2790 1024 2830 hoc
1036 2790 1103 2831 est:
1134 2797 1298 2832 Atreum
1312 2793 1410 2845 apud
1426 2797 1610 2845 Mycenas
1623 2796 1704 2848 pri-

887 2860 994 2888 mum
1010 2849 1109 2888 Solis
1130 2847 1298 2903 eclipfitn
1312 2848 1498 2890 invenisle
1512 2879 1526 2898 ,
1554 2853 1614 2892 cui
1639 2853 1705 2893 in-

886 2905 1020 2944 videns
1029 2904 1148 2945 frater
1161 2935 1172 2952 ,
1196 2905 1248 2946 ab
1262 2905 1355 2946 urbe
1368 2905 1530 2948 disceffit
1544 2919 1703 2962 tempo-

884 2976 925 3002 re
941 2990 952 3008 ,
981 2976 1060 3019 quo
1086 2964 1168 3013 eius
1194 2961 1356 3017 probata
1369 2964 1456 3004 sunt
1468 2964 1586 3007 dista.
1616 2974 1702 3007 Ser·

885 3035 976 3061 vlm-

944 3075 1037 3129 569.
1068 3083 1134 3116 Seu
1163 3093 1228 3117 vos
1256 3079 1461 3132 Hesperiam
1496 3079 1700 3134 magnam]

889 3132 1044 3187 Μεγάλη
1070 3135 1178 3176 enirn
1204 3133 1313 3178 {zade
1336 3136 1526 3190 appellata
1540 3135 1593 3178 est
1621 3141 1701 3181 Ita·

1294 3194 1321 3232 1⁵
1352 3205 1374 3246 3
1639 3194 1707 3240 lia.
