2037 3787
482 156 951 214 AENEIDos

1037 152 1083 209 L
1108 170 1129 209 1
1152 172 1201 212 B.
1245 155 1292 215 Ι.
1615 160 1720 237 ¹73

157 259 316 320 Ludis
330 253 677 337 imaginibus?
715 273 802 310 cur
816 249 1010 309 dextrae
1028 254 1241 332 jungere
1258 252 1493 315 dextram

156 348 289 403 Non
308 339 452 397 datur
468 378 485 405 ‚
505 358 562 396 ac
579 357 722 395 veras
739 333 910 392 audire
928 339 983 392 δε
1003 334 1218 393 reddere
1234 358 1393 395 voces
1413 341 1436 392 ?

36 448 152 507 410
167 423 385 485 Talibus
402 418 597 480 incusat
613 468 630 491 ,
663 415 989 500 greffumque
1007 416 1070 475 ad
1086 420 1285 477 moenia
1299 419 1487 482 tendit.

1636 509 1717 566 At

36 626 239 684 sponfione
252 665 264 685 ‚
279 634 321 675 in
334 633 499 689 auguriis
513 663 523 681 ,
539 635 599 675 vel
612 635 757 675 totiens
767 647 849 674 cru·
897 628 963 672 ubi
976 631 1097 670 Pallas
1108 635 1237 672 AEneae
1245 631 1452 675 adventum
1465 635 1691 688 gratulatutz

34 689 150 740 delis,
160 693 341 746 quotiens
353 692 453 732 fallis
467 694 506 732 ὅ(
520 691 738 733 dissimulas.
767 698 831 731 Ser
841 710 855 718 -

35 760 132 786 vaus.

94 803 235 858 Qun]
253 802 444 845 Incusatio
458 818 539 845 non
551 801 849 851 contumeliosa,

926 688 1099 743 Egredere
1113 688 1335 745 “iquicunque
1345 707 1383 731 es
1394 719 1411 741 ‚
1439 695 1495 731 ait
1507 696 1589 736 &c-

927 747 1154 800 Accepitque
1167 763 1273 786 manu
1287 774 1303 795 ,
1329 747 1565 804 dextramque
1586 753 1720 808 ample-

1039 816 1110 840 xus
1129 802 1276 854 inlusit.
1718 806 1721 809 ¹

34 852 99 897 sed
123 873 166 899 ex
190 859 331 902 affectu
357 864 395 902 ὅ(
413 864 600 917 religione
611 863 848 917 procedens:
899 855 1135 897 Emmeneffi

37 916 141 968 Ergo
162 930 283 958 mater
297 932 444 959 nomen
457 931 565 961 tuum
576 920 758 960 confiteri
772 930 847 958 no-

956 927 1051 967 409.
1078 922 1197 955 Veras
1207 915 1334 957 audire
1346 921 1398 961 (φ’
1411 896 1561 961 reddere
1569 913 1719 975 vueod]

31 971 135 1012 luisti
151 1001 162 1019 ‚
195 976 236 1015 &
266 975 366 1030 quast
393 977 518 1017 aliena
540 979 670 1017 locum
697 987 848 1016 mecum
899 968 997 1010 Ideo
1021 971 1111 1026 quia
1134 972 1327 1025 virginem
1352 971 1388 1013 se
1414 975 1572 1018 dixerat.
1615 984 1716 1020 Sunt

38 1032 225 1071 maternis
238 1032 382 1080 verbis,
395 1031 566 1074 miserias
578 1046 684 1073 meas
697 1034 847 1072 nonle-
898 1028 1028 1067 multae
1049 1029 1251 1082 reciprocae
1274 1031 1540 1073 elocutiones:
1571 1046 1612 1075 ut
1640 1036 1718 1076 boc

34 1085 127 1126 vasti
142 1116 154 1134 ,
179 1102 250 1129 nec
273 1087 394 1129 semel
405 1091 475 1130 hoc
485 1090 605 1130 fecisti
620 1118 632 1138 ‚
662 1087 726 1130 sed
740 1087 842 1142 faepe.

37 1143 204 1185 Constat
227 1146 334 1187 enim
358 1147 461 1187 inter
480 1143 581 1200 ipsos
593 1147 717 1187 multa
731 1148 771 1186 ὅ(
786 1159 848 1185 va-

33 1200 92 1238 ria
103 1200 210 1242 finire
222 1203 429 1258 colloquia,
444 1204 487 1244 in
498 1203 636 1258 quibu-s
646 1203 714 1255 ille
726 1204 846 1250 vultu,
858 1220 860 1223 ·

35 1255 171 1298 habitu
181 1287 192 1306 ,
206 1261 246 1300 ὃ(
258 1261 458 1324 coQoquio
470 1261 606 1300 matris
620 1288 635 1308 ,
649 1257 763 1300 falsus
777 1260 848 1300 est.

35 1312 185 1355 Debuit
205 1313 547 1357 autem'incusatio
572 1317 616 1357 ad
632 1316 843 1358 abeuntem

35 1382 119 1410 non
133 1369 205 1411 effi}
218 1373 375 1426 longior
388 1400 404 1421 ‚
428 1387 544 1428 quarn
558 1386 598 1414 ut
611 1375 785 1415 celeriter
797 1375 844 1415 ad

32 1424 222 1480 fugientis
231 1441 338 1469 aures
350 1432 549 1484 pervenire
561 1429 692 1484 posset.
709 1438 846 1473 Donat.

91 1485 196 1540 Qid
204 1498 326 1526 natum
336 1489 568 1540 toties‚&c.]
584 1487 646 1528 Est
660 1486 732 1528 hoc
745 1489 849 1545 quod

31 1541 181 1581 Helena
190 1542 244 1598 ad,
252 1548 442 1584 Venerem
453 1546 480 1585 l.
497 1562 538 1597 γ.
557 1546 665 1586 Iliad.
681 1542 743 1595 ybs.
750 1558 769 1597 3
779 1561 846 1602 99.

60 1620 141 1631 ·—
153 1597 238 1651 τίμε
252 1598 382 1641 ταῦτα
396 1601 558 1655 amadan
575 1602 815 1654 ἦπρρπόὶἶειν
832 1619 846 1650 ,·

62 1673 139 1686 —-
151 1672 211 1697 cur
223 1673 277 1698 me
289 1658 343 1698 his
357 1660 452 1714 cupis
463 1658 620 1716 decipere
634 1663 650 1704 ζ
689 1666 693 1669 “

35 1711 155 1769 Qod
171 1711 319 1768 Ulyffes
330 1714 378 1756 ad
390 1728 554 1756 matrem
567 1714 698 1772 Odyss.
717 1731 732 1758 r
742 1731 774 1759 r.

67 1791 144 1827 —-f
159 1769 318 1823 'n‘vv‘pt'u’
332 1773 478 1826 yss'yvc-tt
493 1774 608 1814 ἑλέειν
620 1774 819 1825 μεμαῶτα
837 1792 848 1821 ;

66 1847 145 1861 —-
168 1844 229 1869 cur
251 1844 306 1869 me
329 1844 395 1870 mn
409 1830 552 1887 speHas
568 1832 731 1888 ampleHi
753 1836 852 1890 cupi-

201 1885 288 1928 dum
301 1888 319 1931 ἓ
862 1904 864 1909 ’

31 1941 172 1984 Cerda.

87 2005 138 2041 Tu
159 2000 333 2057 quoque]
359 1999 460 2042 Sicut
484 2005 613 2059 Juno,
650 2003 850 2060 caeterique

30 2053 97 2095 dei
111 2085 124 2104 ,
151 2060 217 2111 qui
230 2059 419 2107 Troianis
430 2059 582 2109 inimici
599 2089 611 2106 ,
637 2073 733 2114 quos
747 2062 787 2100 δε
803 2063 846 2100 in

30 2109 199 2154 secundo
210 2113 315 2155 libro
327 2114 498 2156 ostendit
510 2128 523 2162 3
554 2115 620 2156 ubi
630 2118 702 2166 ait,
718 2120 847 2160 inimi-

30 2185 140 2225 caque
153 2175 257 2225 Trojae
267 2176 427 2214 Numina
440 2189 567 2230 magna
578 2174 697 2215 deam.
741 2178 845 2215 Serv.

86 2229 180 2278 408.
212 2233 284 2269 Cur
305 2229 442 2269 dextrae
461 2234 605 2287 jungere
636 2231 842 2285 dextram-J

27 2285 229 2334 Majomm
251 2285 360 2325 enim
385 2285 460 2327 haec
480 2287 606 2327 fuerat
640 2286 818 2329 salutatio
834 2303 844 2328 ε

27 2341 134 2389 cujus
148 2342 204 2381 rei
215 2340 257 2383 ‘m‘
273 2339 396 2388 αἴτιον,
409 2343 448 2382 id
460 2342 694 2391 est,caussam
706 2351 846 2395 Varro,

28 2397 317 2440 Callimachum
335 2397 478 2440 secutus
491 2428 502 2447 ‚
529 2399 701 2453 exposuit
716 2416 726 2440 ε
754 2401 847 2443 ass'e-

24 2467 115 2496 tens
141 2469 305 2496 omnem
320 2469 456 2496 eorum
470 2456 661 2498 honorem
673 2459 849 2500 dextera-

24 2525 113 2553 rum
128 2511 337 2554 constitiffie
350 2514 489 2554 virtute
504 2527 515 2552 ε
543 2512 596 2553 ob
615 2528 731 2569 quam
745 2529 845 2566 rem,

25 2568 99 2610 hac
127 2567 164 2611 se
194 2569 474 2612 venerabantur
510 2573 685 2626 eorporis
724 2585 843 2627 parte.

30 2626 146 2668 Idem.

88 2691 161 2725 Cur
181 2684 319 2725 dexerae
339 2688 485 2741 jungere
506 2685 676 2726 dextram
700 2701 767 2724 non
780 2685 847 2724 da—

24 2741 123 2793 tum]
138 2745 249 2782 Hunc
258 2740 498 2783 salutationis
510 2753 681 2789 morem,
694 2742 849 2783 innexis

29 2810 171 2851 nempe
189 2798 369 2843 manibus
383 2828 394 2846 ,
408 2800 452 2840 in
464 2809 736 2855 argumentum
751 2799 849 2839 ami-

22 2855 266 2901 citiae‚Graeci
279 2857 492 2898 nominant
507 2855 792 2911 δὶξιὲἓτςεᾳυοό
806 2857 846 2896 in

25 2912 143 2953 Pluto
167 2911 362 2965 Aristoph.
379 2914 569 2968 interpres
591 2915 753 2967 exponit
765 2915 846 2956 wi}

27 2967 176 3021 ἆὶξίαας
190 2967 413 3023 οἰαπεὶζεῶζςς
443 2983 694 3027 praeterquam
717 2971 845 3019 enim,

25 3025 131 3080 quod
157 3026 287 3066 dextra
314 3027 404 3067 fidei
415 3029 552 3083 pignus
566 3029 609 3069 (it
623 3059 636 3077 ‚
667 3028 787 3068 etiam
801 3028 843 3068 in

23 3084 162 3122 amicis
198 3084 520 3138 gratulationibus
560 3082 636 3127 suis
674 3085 848 3140 fungitur

21 3139 208 3198 partibus.
229 3141 322 3184 inde
338 3141 475 3185 Noster
488 3144 557 3187 l.8.
575 3148 665 3188 AEn.
683 3140 742 3194 fis.
756 3157 845 3185 122.

893 1082 994 1124 loco.
1037 1083 1126 1126 sunt
1142 1087 1271 1125 multae
1284 1088 1396 1128 unius
1407 1090 1542 1141 partis,
1559 1091 1714 1148 utrique

895 1137 1147 1183 sufficientes:
1165 1154 1220 1191 ut,
1236 1155 1413 1186 tenemur
1426 1148 1636 1188 amicitiis:
1657 1151 1715 1190 ri·-

892 1197 1060 1241 diculum
1074 1199 1182 1240 enim
1196 1198 1295 1249 est,fi
1306 1200 1436 1252 addas,
1451 1207 1606 1246 mutuis:
1622 1219 1714 1249 cum

897 1259 1099 1298 Amicitiis
1137 1268 1342 1313 utrumque
1376 1259 1583 1315 significet,
1624 1261 1719 1306 ficut

894 1315 1043 1353 Fronto
1058 1313 1224 1354 testatur.
1245 1319 1346 1355 Item
1361 1313 1447 1358 sunt
1457 1319 1716 1371 elocutiones,

894 1382 1054 1424 quarum
1068 1385 1142 1413 una
1160 1384 1245 1424 pars
1257 1374 1371 1426 plena
1383 1374 1437 1414 est
1451 1389 1462 1413 ε
1488 1375 1602 1432 quaefi
1616 1389 1716 1418 con-

893 1437 1093 1469 vertantur
1105 1456 1119 1474 ,
1142 1429 1288 1470 liabent
1299 1431 1442 1485 aliquid
1454 1429 1684 1487 superfluum
1700 1451 1715 1478 ε

897 1494 939 1523 ut
951 1485 993 1524 in
1009 1485 1182 1532 Salustii),
1190 1493 1208 1526 Ῑ
1210 1503 1233 1526 n
1244 1491 1379 1543 tugurio
1389 1492 1549 1531 mulieris
1561 1492 1715 1535 ancille.

897 1539 996 1581 bene
1008 1543 1160 1583 addidit
1183 1545 1334 1584 ancillae.
1378 1550 1435 1587 At
1460 1546 1486 1586 fi
1508 1547 1613 1588 dicas
1628 1576 1643 1597 ‚
1670 1552 1714 1592 in

894 1602 1034 1655 tugurio
1041 1600 1175 1641 ancilla
1185 1603 1342 1642 mulieris
1357 1618 1369 1648 ‚·
1397 1603 1471 1645 erit
1481 1602 1712 1657 superfluum

895 1658 1066 1698 mulierio‘.
1094 1658 1248 1697 Ancilla
1260 1659 1368 1698 enim
1383 1661 1424 1700 δε
1436 1663 1714 1707 conditionem

897 1713 1083 1761 ostendit,
1097 1716 1137 1755 ὃς
1149 1712 1288 1756 sexum.
1320 1719 1435 1764 Item,
1451 1723 1525 1760 Res
1536 1732 1714 1777 eratprae-

891 1773 1022 1811 toribus
1046 1784 1127 1812 nota
1147 1774 1239 1820 [blla.
1272 1771 1344 1813 hoc
1367 1771 1579 1817 suffecerat.
1610 1779 1714 1821 male

893 1840 986 1882 ergo
1022 1829 1172 1870 addidit
1191 1843 1201 1868 ε
1237 1833 1469 1886 Ignorabatur
1504 1832 1530 1871 d
1565 1838 1713 1878 caeteris.

897 1884 1012 1936 Quod
1026 1884 1262 1928 ficonvettas
1275 1915 1291 1937 ,
1317 1889 1373 1930 nil
1396 1887 1470 1931 ess'e
1481 1886 1711 1946 superfluum

895 1956 1104 1984 invenitur.
1136 1947 1299 1985 Servius.

952 2001 1155 2054 Reddam]
1168 2006 1214 2042 In
1228 2000 1428 2042 codicibus
1440 2003 1591 2060 aliquot
1603 2018 1714 2049 vetu-

897 2055 1079 2099 stioribus
1090 2087 1106 2108 ,
1120 2060 1242 2101 redere
1255 2060 1370 2101 unico
1381 2060 1406 2099 d
1416 2057 1605 2104 scribitur.
1638 2065 1713 2107 sed

897 2116 1007 2156 enim
1029 2117 1274 2170 geminatum
1297 2118 1323 2157 d
1335 2117 1380 2158 in
1392 2129 1440 2158 eo
1453 2118 1572 2160 verbo
1584 2123 1716 2163 Velius

895 2176 1056 2230 Longus
1063 2171 1188 2213 afferit
1203 2189 1213 2212 :
1242 2175 1392 2215 nonita
1404 2187 1537 2216 autem
1547 2177 1590 2218 in
1603 2180 1715 2220 redu-

893 2245 982 2270 cere.
1035 2230 1154 2286 Qod
1194 2230 1286 2271 ideo
1311 2230 1387 2272 fuit
1416 2232 1684 2276 adnotandum
1699 2250 1713 2276 :

893 2287 981 2342 quia
996 2284 1084 2327 sunt
1099 2287 1214 2328 hodie
1226 2288 1292 2342 qui
1303 2290 1508 2329 clamitent
1518 2304 1562 2331 ex
1587 2292 1716 2345 publi-

892 2345 946 2383 cis
972 2344 1164 2385 cathedris
1196 2347 1278 2387 redo
1299 2344 1466 2403 simplici
1487 2347 1514 2387 d
1535 2347 1714 2392 scriben-

896 2400 1000 2442 dum.
1032 2405 1187 2442 Pierius.

953 2458 1107 2498 Audire
1132 2465 1185 2503 (φ’
1209 2457 1357 2498 reddere
1380 2461 1516 2512 vocem]
1546 2461 1608 2502 Est
1622 2461 1712 2513 hoc,

897 2514 1000 2568 quod
1013 2516 1236 2565 Terentius,
1249 2515 1415 2561 Plautus,
1432 2518 1591 2567 Cicero,
1603 2523 1714 2576 vicis:

889 2572 961 2622 fim
973 2574 1085 2625 loqui.
1106 2573 1282 2612 Catullus
1294 2584 1386 2613 ante
1403 2573 1601 2616 Nostrum:

924 2649 1001 2659 ——-
1013 2644 1075 2670 nec
1086 2629 1209 2684 miffaes
1220 2629 1426 2680 audire,&
1437 2631 1588 2675 reddere
1597 2650 1713 2678 vocet.

899 2684 1042 2726 Cerda.

952 2755 1049 2795 410.
1091 2743 1234 2783 Talibus
1266 2743 1441 2796 incufitt]
1486 2746 1713 2803 Redarguit.

896 2803 1060 2852 lncufizre
1072 2801 1226 2853 proprie
1237 2800 1291 2841 est
1303 2829 1314 2848 ,
1328 2798 1562 2853 superiorem
1576 2818 1714 2860 argue-

896 2870 936 2897 re
951 2871 961 2895 :
976 2869 1018 2897 ut
1031 2858 1073 2896 in
1085 2858 1275 2897 Terentio
1288 2870 1393 2912 pater
1405 2859 1451 2898 ad
1465 2859 1717 2921 filium‚Qid

897 2917 1099 2968 meincnfizs
1115 2915 1295 2970 Clitipho?
1319 2918 1502 2969 Acasto-e
1516 2931 1605 2959 vero
1621 2949 1632 2967 ,
1652 2922 1716 2962 vel

896 2984 1027 3024 parem
1043 2973 1101 3012 vel
1114 2970 1344 3012 inferiorem
1361 2986 1370 3011 ε
1401 2974 1498 3013 utin
1512 2974 1651 3017 eodem
1664 2977 1714 3019 ad

897 3029 1080 3070 maritum
1093 3042 1185 3068 uxor
1200 3057 1212 3075 ,
1244 3037 1309 3071 Me
1322 3032 1484 3082 mifi’ram
1499 3060 1514 3079 ‚
1537 3048 1612 3088 quae
1622 3051 1717 3076 nune

895 3103 1003 3141 quam
1029 3087 1069 3126 ob
1094 3089 1247 3140 cauffizm
1258 3090 1395 3140 accusbr
1408 3091 1530 3139 nefiio.
1566 3094 1617 3130 Et
1640 3091 1718 3132 hoc

893 3143 1141 3199 proprietatis
1165 3143 1241 3184 est:
1285 3145 1374 3187 licet
1404 3142 1487 3187 usus
1515 3148 1620 3189 male
1649 3148 1718 3190 ista

1638 3217 1723 3249 cot·
