2037 3787
22 605 26 613 =
47 609 51 616 f
68 585 183 630 culis,
196 583 237 623 &
251 584 299 623 de
309 584 385 622 alio
398 583 543 622 dicatur
558 609 570 627 ,
597 581 755 638 Vestigia
765 585 841 636 pri·

23 640 76 681 ἰἠί
86 641 193 682 Alba
200 640 317 696 pedis.
340 640 385 680 Id
397 637 690 692 est,primorum
703 638 842 690 pedum

34 695 192 751 estigia.
232 698 274 737 &
297 696 470 737 frontem
484 694 615 736 albam
626 694 844 736 ostentabat

20 772 37 782 ν
79 766 135 794 et.
163 757 323 796 Servius.

23 833 41 850 .·-
75 811 279 864 Thracius.]
296 810 442 852 Floruit
454 808 617 849 Thracia
629 807 752 863 equis.
765 811 842 848 He-

19 890 21 892 ·
47 866 147 909 odus
182 868 292 916 dixit,
314 867 400 923 '213
431 867 570 922 Θρήκκς
593 863 813 915 πωλοἿρρφε
830 881 840 907 ε

26 939 76 966 er
87 925 272 966 Thraciam
282 930 454 966 nutricem
466 939 638 979 equorum.
668 920 807 964 cerda.

25 1009 33 1022 ,
79 982 170 1032 ς66.
200 984 355 1037 Equus.]
387 984 479 1022 Non
502 979 556 1020 est
582 978 735 1018 silentio
748 992 839 1033 prae-

48 1055 50 1057 ·
79 1038 248 1080 eundum
264 1066 279 1085 ,
304 1039 425 1079 curin
440 1036 594 1085 vetustis
605 1038 754 1091 aliquot
767 1049 832 1075 co-

25 1093 164 1136 icibus
178 1123 194 1143 ‚
221 1111 303 1151 equs
321 1098 437 1136 unico
451 1105 604 1136 tantum
618 1110 641 1132 u
654 1104 833 1133 notatum

28 1153 233 1207 ‹aperiatur-
279 1153 468 1194 Nonnulli
483 1150 702 1203 enim,quia
715 1168 738 1204 q
753 1162 835 1191 non

30 1207 41 1218 '
61 1215 166 1263 eram
181 1238 192 1256 ‚
205 1206 272 1251 sed
286 1222 423 1252 notam
435 1206 508 1248 effe
523 1206 722 1261 putabant,
741 1206 834 1246 duas

17 1286 19 1289 ·
44 1286 49 1299 -ι
81 1261 120 1307 se
140 1268 273 1307 literas
292 1267 566 1308 continentem
588 1280 605 1304 c
632 1266 671 1304 ὃ(
686 1276 730 1310 »ις
759 1265 830 1317 qis,

16 1349 27 1371 ‚·
38 1335 149 1372 aeret,
179 1327 219 1365 ὅ(
231 1323 295 1378 qid
320 1321 482 1365 scribere
493 1321 739 1362 instituerunt
751 1318 833 1360 abs-

15 1398 34 1419 κ·
50 1393 91 1420 e
102 1397 126 1421 u
136 1408 152 1429 ‚
167 1390 209 1422 ut
221 1382 348 1424 Velius
363 1384 520 1432 Longus
533 1379 588 1418 ait
603 1406 615 1426 ,
645 1377 750 1432 quod
763 1378 829 1419 alii

21 1480 23 1482 .
46 1437 113 1484 is,
135 1452 284 1484 (κανεῖ,
309 1440 414 1483 cuid,
443 1433 831 1477 scriberemalebant.

16 1509 29 1525 κ
51 1493 89 1534 d
101 1506 288 1550 utrunque
300 1496 379 1543 jam
392 1507 436 1533 ex
449 1491 513 1535 usu
526 1490 682 1533 receflit.
695 1492 811 1548 Qan
820 1517 832 1522 -

31 1562 99 1591 um
123 1564 216 1593 vero
239 1553 409 1606 pertinet
420 1552 468 1592 ad
480 1550 698 1590 dictionem
709 1564 834 1604 equus,

22 1607 247 1650 ·ubitabant
260 1621 406 1650 veteres
424 1637 436 1655 ‚
460 1619 589 1649 utrum
601 1607 772 1659 primum
785 1607 832 1646 il-

13 1664 80 1705 'ud
92 1683 115 1705 u
126 1663 346 1707 consonans
360 1694 375 1715 ,
388 1678 439 1705 an
454 1665 597 1706 vocalis
607 1661 712 1709 esset,
737 1676 831 1704 neu-

13 1733 32 1759 {1
50 1734 115 1763 um
141 1724 250 1763 enim
273 1721 346 1762 effi:
370 1735 454 1763 non
465 1720 760 1761 concedebatur.
791 1721 831 1760 Si

20 1797 50 1811 υ·
61 1776 231 1820 nsonans
245 1807 258 1826 ‚
289 1792 371 1820 non
406 1776 568 1819 alterius
594 1788 735 1817 naturae
756 1775 830 1817 este

12 1847 162 1882 iterat
185 1849 301 1892 quam
327 1837 348 1878 l,
374 1847 489 1876 mutae
501 1863 513 1882 ,
545 1834 589 1874 in
612 1846 728 1888 quam
746 1845 827 1875 tam

13 1912 15 1919 ·
30 1905 110 1947 ape
122 1892 204 1934 abit
215 1906 319 1935 nunc
329 1891 528 1947 scriptura,
542 1903 645 1932 nunc
654 1903 830 1944 pronun-

12 1949 178 1991 'atione
192 1964 204 1990 τ
220 1952 396 2007 quocirca
411 1947 555 1991 necesse
565 1959 646 1989 erat
662 1949 828 2002 primam

22 2027 27 2039 ε
46 2006 202 2049 fitione
215 2011 375 2062 longam
390 2008 430 2047 in
444 2023 528 2062 equo
536 2005 646 2046 fateri
659 2033 673 2053 ,
700 2005 787 2060 quia
805 2023 828 2061 q

11 2084 29 2111 ,κ
60 2065 152 2106 riter
162 2062 446 2108 consonantem
461 2074 608 2103 mutam
620 2059 692 2102 ess‘e
709 2075 830 2103 nemo

42 2439 45 2442 ⁴
78 2407 231 2450 duobus
253 2424 300 2448 uu
327 2406 449 2461 (quod
463 2434 474 2452 ,
501 2417 543 2445 ut
554 2402 646 2456 saepe
658 2402 825 2451 dietum,

8 2498 9 2503 ,
51 2465 145 2507 ttius
161 2468 204 2506 in
217 2464 414 2506 vocalibus
427 2474 559 2503 natura
570 2460 702 2513 longis
712 2458 823 2504 fasti-

18 2564 21 2569 ,
35 2533 90 2562 -re
101 2520 319 2576 consuevit)
333 2516 582 2561 neceffiuium
595 2515 668 2557 effe
684 2545 696 2564 ,
709 2518 770 2557 vel
782 2517 825 2557 in

8 2596 27 2605 ’ἱ
63 2591 102 2618 as
115 2577 276 2633 syllabas
291 2578 476 2619 dividere.
508 2576 630 2630 Atqui
645 2586 824 2615 neutrum

31 2636 114 2677 este
137 2636 220 2678 fieri
235 2633 338 2691 posse
352 2633 600 2674 manifestum
612 2630 690 2672 est:
720 2630 824 2686 quod

24 2718 34 2727 „
46 2715 54 2725 ι
67 2708 130 2734 uus
141 2705 328 2748 utranque
340 2690 522 2745 syllabam
533 2699 747 2741 correptam
763 2687 827 2729 ha-

62 2768 63 2772 *
91 2777 104 2797 ,
132 2752 174 2791 &
202 2763 271 2806 pro
295 2749 471 2791 dictione
496 2744 681 2801 bisyllaba
692 2743 825 2799 passim

45 2807 183 2848 mitur.
212 2807 341 2864 Qate
353 2806 451 2846 boni
463 2805 522 2846 illi
535 2804 625 2853 viti,
643 2815 692 2846 ne
705 2803 754 2843 in
764 2802 829 2842 bas

11 2860 274 2906 dilaberentur
298 2862 544 2905 difficultates
559 2890 570 2908 ,
599 2876 684 2916 equs
710 2859 828 2903 unico

12 2935 38 2960 υ
49 2947 66 2970 ,
79 2922 136 2962 uti
150 2922 190 2961 δε
203 2924 273 2976 qis,
290 2923 330 2961 δε
343 2921 409 2975 qid
421 2918 580 2960 scribere
594 2917 830 2958 maluerunt.

12 2978 205 3019 Nonnulli
226 2990 357 3019 autem
383 2973 648 3022 inventitium,
663 2974 766 3029 quiq
782 2973 830 3013 li-

52 3046 134 3074 ram
155 3029 252 3075 adeo
276 3035 494 3075 adamarint
511 3061 524 3081 ‚
551 3042 593 3073 ut
618 3044 705 3072 eam
729 3043 828 3085 proc

463 103 928 163 AEmrzrnos
1005 103 1174 167 [τε.
1225 101 1301 170 Vs.

151 199 334 257 Portat
349 207 510 273 equus
526 191 730 250 bicolor
746 191 958 251 maculis
972 215 989 266 3
1025 192 1238 277 vestigia
1254 195 1408 275 primi
1425 235 1428 238 -

153 278 298 336 Alba
312 277 456 356 pedis
474 315 492 343 ,
508 272 845 355 frontemque
863 273 1124 335 ostentans
1142 278 1326 338 arduus
1343 278 1531 342 albam.

156 361 315 421 Alter
332 361 468 439 Atys
487 397 505 426 ‚
522 374 684 440 genus
702 357 838 418 unde
853 357 968 416 Atii
984 357 1174 420 duxere
1192 363 1396 421 Latini:

8 3088 150 3147 ,nnffim
172 3090 403 3139 sufficerent,
438 3091 608 3147 ldeoque
633 3100 718 3133 non
741 3098 830 3131 tan-
854 3131 858 3138 ,

1603 113 1717 192 885

1526 450 1719 503 Parvus

24 532 185 568 moltam
211 539 222 566 ε
262 537 305 566 ut
327 523 371 566 fit
408 523 552 578 plena,
585 528 703 579 Equus
727 525 847 566 bicolor
895 532 978 563 tum
992 526 1141 579 ftqutus
1157 555 1169 571 ,
1195 530 1356 581 loqutus,
1384 527 1424 568 ὅ(
1453 524 1592 567 fimilia
1616 539 1718 584 perq

893 577 1055 620 scribere
1069 581 1334 631 instituerunt,
1350 597 1480 625 verum
1495 586 1615 624 etiam
1628 583 1715 624 ubi-⁴

891 647 1041 691 cun'que
1055 655 1077 677 u
1090 650 1182 680 ante
1193 657 1211 679 c
1224 639 1382 692 positam
1395 642 1633 687 invenirent,
1648 653 1717 694 pro

893 694 1018 733 literis
1041 711 1058 734 c
1073 697 1114 735 &
1127 714 1149 736 u
1161 709 1280 736 una-m
1295 709 1448 738 tantum
1462 716 1484 752 q
1500 696 1716 752 supponere

895 751 1062 791 minime
1089 754 1198 794 veriti
1214 752 1298 794 fint.
1335 756 1536 807 Hincsbcui
1546 756 1716 809 praeteri·

894 816 979 847 tum
996 805 1097 861 asico
1113 813 1212 865 ,ftqi
1228 839 1238 856 ‚
1255 812 1294 850 &
1308 815 1373 867 aqi
1386 825 1454 864 pro
1467 816 1546 852 acui
1557 810 1711 865 scripti-

892 863 1054 906 tabant:
1084 864 1261 907 adversus
1286 881 1383 921 quos
1408 868 1607 909 Probusin
1623 879 1706 910 arte

889 917 1067 973 disputat.
1101 927 1199 963 Sane
1225 924 1380 978 quidem
1406 927 1465 965 illi
1479 955 1491 973 ,
1521 928 1578 966 uti
1592 927 1708 979 paulo

889 989 980 1017 ante
1005 978 1254 1026 dicebamus,
1291 999 1315 1037 q
1336 983 1493 1022 literam
1518 984 1556 1023 ὅ(
1588 999 1606 1023 c
1631 985 1711 1024 &u

889 1047 960 1086 prae
976 1033 1012 1075 se
1023 1035 1123 1077 ferre
1137 1065 1150 1084 ,
1176 1036 1289 1092 fiquis
1315 1050 1450 1079 notam
1477 1040 1709 1093 diligentius

860 1102 861 1105 ’
887 1089 1116 1144 inspiceret,
1146 1092 1418 1135 asseverabant.
1450 1095 1533 1148 post
1560 1097 1666 1136 enim
1693 1112 1711 1138 c

889 1151 1059 1190 vocalem
1084 1168 1106 1190 u
1132 1151 1354 1204 adplicitam
1369 1150 1441 1192 effe
1454 1180 1469 1200 ‚
1502 1164 1608 1205 parte
1621 1154 1712 1203 illa,

887 1219 967 1260 quae
978 1207 1025 1246 ad
1040 1206 1155 1248 instar
1167 1208 1294 1261 gravis
1307 1221 1486 1250 accentus
1498 1210 1704 1263 premitur,

887 1263 1089 1316 adcurvata
1104 1293 1116 1312 ,
1142 1267 1261 1306 altera
1284 1279 1376 1306 vero
1389 1294 1403 1313 ,
1430 1280 1510 1319 quae
1536 1268 1634 1307 acu‘ti
1647 1281 1711 1307 ac·

885 1333 1021 1361 centus
1045 1322 1089 1362 in
1105 1335 1259 1363 morem
1271 1321 1528 1378 surrigebatur
1542 1352 1554 1370 ,
1582 1322 1710 1366 subter

883 1378 1030 1418 lineam
1057 1379 1206 1428 dejesta
1219 1407 1236 1429 ,
1282 1381 1340 1421 vel
1367 1394 1412 1421 ex
1438 1380 1706 1423 Librariorutn

885 1436 1169 1477 commoditate
1181 1466 1193 1483 ,
1210 1438 1270 1477 vel
1285 1451 1334 1479 ne
1345 1436 1647 1490 praecedentibus
1660 1439 1709 1478 li-

885 1492 976 1533 teris
989 1490 1080 1533 eflet
1092 1493 1398 1546 impedimento.
1414 1495 1545 1550 haeque
1556 1494 1622 1536 fibi
1637 1496 1705 1536 in-

883 1549 1008 1591 vicem
1018 1550 1146 1604 figurae
1160 1549 1489 1601 suceeffetunt‚cv.
1499 1569 1536 1595 o.
1546 1569 1591 1597 Q
1602 1553 1710 1607 Qum

881 1619 923 1645 re
936 1607 1104 1648 minime
1118 1609 1261 1652 mirum
1278 1608 1346 1655 est,
1362 1607 1387 1648 fi
1402 1611 1442 1649 &
1455 1625 1556 1664 equs,
1579 1611 1618 1649 &
1631 1612 1704 1664 eqi,

883 1664 924 1703 &
949 1680 1030 1719 equo
1043 1693 1060 1714 ‚
1085 1666 1126 1705 &
1140 1662 1360 1716 hujusmodi
1372 1667 1547 1723 pleraque
1559 1664 1702 1722 absque

877 1737 901 1760 u
926 1720 969 1761 in
983 1734 1153 1762 veterum
1166 1720 1483 1777 inscriptionibus
1498 1734 1634 1764 notata
1645 1737 1705 1765 te-

878 1789 1088 1831 periantur.
1121 1782 1273 1820 Pierius.

941 1835 1031 1887 567.
1050 1840 1213 1877 Frontem
1225 1838 1378 1886 albam.)
1394 1835 1709 1891 Intelligitfron-

882 1901 962 1931 tem
989 1890 1094 1932 stella
1116 1893 1281 1933 candida
1303 1891 1553 1947 spectabilem
1567 1922 1580 1941 ,
1614 1907 1701 1935 non

878 1959 1007 1989 autem
1029 1959 1158 1989 totam
1181 1949 1335 1993 albam:
1360 1950 1572 1990 deteriores
1587 1952 1700 1993 enim

878 2003 979 2046 sunt.
1009 2007 1107 2047 vide
1122 2007 1213 2048 scal.
1231 2008 1365 2061 l.3.c.3
1377 2010 1548 2048 ,Poet.&
1564 2011 1704 2059 Not.4‚

881 2066 972 2112 ἄη.
1002 2060 1067 2111 its-
1089 2064 1176 2116 156,
1216 2070 1275 2105 Ita
1301 2065 1399 2118 Equi
1412 2092 1428 2112 ‚
1454 2064 1595 2118 quibus
1623 2063 1705 2116 albi

880 2119 993 2170 pedes
1005 2130 1187 2174 quattuor
1202 2149 1214 2167 ,
1241 2121 1283 2161 in
1298 2122 1424 2174 pretio
1436 2123 1536 2161 olim
1553 2121 1699 2172 habiti,

815 2198 830 2204 -
883 2174 1073 2230 hodieque
1095 2178 1196 2229 apud
1209 2179 1344 2232 Belgas
1355 2177 1495 2219 alicubi
1510 2179 1705 2219 immuni-

878 2242 1000 2273 tatem
1042 2233 1288 2287 vestigalium
1330 2235 1512 2275 dicuntur
1553 2236 1703 2279 vectori

815 2312 831 2318 -
877 2289 1054 2343 prastare.
1107 2291 1206 2333 Vide
1236 2295 1329 2333 Not.
1358 2305 1398 2344 9.
1427 2296 1522 2333 ΕΠ.
1550 2291 1700 2346 ᾖίῖ49.

877 2349 992 2386 Primi
1004 2346 1104 2399 pedis
1116 2360 1209 2402 ergo
1223 2346 1310 2390 sum
1319 2349 1538 2402 primorum
1549 2349 1699 2404 pedum

879 2402 1044 2458 vestigia.
1079 2407 1223 2446 Taubm.

933 2460 1134 2512 Arduum]
1171 2460 1348 2502 Diximus
1372 2460 1506 2509 iamin
1520 2461 1698 2516 antiquis

875 2514 1008 2570 paffim
1023 2545 1036 2565 ,
1065 2517 1194 2559 arduos
1215 2531 1281 2572 per
1304 2536 1341 2560 os
1365 2517 1512 2567 haberi,
1539 2531 1699 2575 quaeque

878 2574 1068 2620 Qarifium
1081 2576 1182 2616 ratio
1195 2577 1390 2624 moverit,
1407 2586 1448 2617 ut
1461 2574 1547 2618 huic
1561 2577 1695 2617 nomi-

876 2632 920 2671 ni
934 2632 986 2671 ita
999 2629 1140 2686 scripto
1156 2663 1175 2682 ‚,
1197 2633 1384 2675 calculum
1398 2631 1696 2676 non-adhiberet

876 2686 994 2733 suum,
1029 2693 1179 2730 Pierius.

933 2747 1025 2795 568·
1056 2753 1174 2788 Genus
1194 2746 1287 2787 unde
1311 2749 1406 2789 Atii
1431 2746 1568 2787 duxere
1593 2748 1693 2788 Lati-

875 2803 954 2853 τιὴ]
982 2807 1140 2857 Propter
1164 2805 1299 2846 Atiam
1316 2803 1411 2845 dicit
1423 2816 1588 2845 matrem
1605 2808 1690 2846 Au-

876 2860 971 2912 gusti
990 2874 1000 2899 :
1025 2860 1072 2902 de
1095 2875 1167 2918 qua
1196 2862 1396 2906 Antonius
1419 2861 1476 2902 ait
1491 2889 1504 2908 ,
1531 2861 1696 2903 Aricina

879 2920 1112 2959 mater.vult
1124 2919 1234 2959 enim
1245 2920 1328 2967 eius
1337 2918 1696 2961 etiam-maternum

878 2971 951 3014 esse
965 2988 1086 3028 genus
1098 2977 1318 3030 antiquum.
1346 2979 1507 3016 Servius.
1686 3027 1688 3030 .

934 3033 1070 3086 Atii]
1096 3032 1350 3074 scribendum
1364 3036 1464 3075 ,Atti
1475 3046 1520 3073 ex
1531 3030 1702 3086 antiquis

879 3088 1096 3133 codicibus.
1127 3095 1174 3133 1n
1199 3090 1351 3143 aliquot
1373 3102 1466 3132 vero
1491 3089 1639 3146 duplici,
1656 3090 1703 3137 ii,

1168 3150 1204 3190 K
1215 3148 1241 3192 k
1254 3147 1280 3191 k
1310 3159 1330 3202 3
1569 3148 1686 3192 Auli
1695 3172 1714 3196 ι
