2037 3787
356 130 823 187 AENEIDOS
890 106 1250 184 'L113.v1.
1523 143 1645 211 957

26 247 78 304 ας
100 219 298 279 Omnia
315 219 565 298 praecepi,
607 233 759 294 atque
778 215 953 272 animo
970 237 1176 273 mecum
1194 232 1311 274 ante
1329 217 1538 299 peregi.v

95 309 278 362 Unum
296 324 393 359 oro
411 325 423 359 ε
460 299 668 379 quando
684 297 764 354 hic
778 292 965 355 inferni
978 300 1128 374 janua
1143 299 1277 379 regis

97 387 305 443 Dicitur
321 423 339 450 ‚
372 391 427 442 &
443 376 714 440 tenebrosa
731 380 871 458 palus
889 381 1194 440 Acheronte
1212 377 1379 439 refuso
1397 405 1413 440 τ

44 560 81 592 te
93 550 255 603 cogitur.
287 551 386 588 Nam
400 547 425 587 fi
439 561 521 602 pars
535 543 693 601 sequens
703 556 792 584 ora-

28 609 96 648 ›nis
108 606 129 647 a
144 607 265 646 vocali
278 605 434 645 inchoet
448 634 463 655 ,
486 605 589 646 Nihil
614 602 791 647 dicimus,

24 685 27 691 ³
45 669 126 705 Heu
150 663 240 704 nihil
248 666 378 702 invitis
391 666 457 714 fas
469 675 672 716 quemquam
677 658 793 708 fidere

32 723 96 762 is.
139 720 177 760 si
190 732 320 760 autern
331 716 354 759 a
366 716 600 759 consonanti
617 715 789 760 inchoet,

24 779 47 825 il
57 776 254 831 ponimus.
285 787 327 817 ut
341 776 553 834 Juvenali3‚
567 778 630 816 Nil
641 777 712 812 tale
724 788 788 811 ex-

17 839 115 875 '‘es.·
141 836 227 874 emit
230 833 303 886 fibi
315 837 440 880 multa,
452 832 628 873 videmus.
661 830 787 870 Idem.

20 888 100 930 »Me
112 891 280 942 facien]
312 894 514 930 Romanus
537 888 681 934 codex,
706 887 793 927 mihi

27 959 128 1001 uper
146 946 288 997 eodem
313 946 437 987 modo
457 944 590 986 scribit
611 956 695 985 tam
721 956 792 997 pro

38 1023 47 1038 ·
59 1002 262 1058 nosyllabo
279 1032 292 1049 ‚
302 1016 417 1058 quam
430 1016 499 1058 pro
513 1000 634 1043 soluta
645 1003 689 1044 in
701 1001 792 1042 duas

26 1059 143 1102 labas
154 1061 341 1102 distione.
374 1063 525 1101 Pierius.

19 1118 203 1170 macies]
235 1116 452 1159 Laboribus
474 1117 539 1158 dat
559 1114 724 1163 faciem,
751 1125 792 1156 ut

31 1172 85 1215 fra
96 1172 313 1216 sceleribus.
345 1176 385 1215 &
398 1175 483 1215 Cic.
501 1176 637 1225 faciem
648 1172 791 1227 honesti,

43 1235 108 1272 iem
118 1234 298 1273 civitatis.
328 1232 412 1272 Alii
422 1243 599 1272 amorum
613 1258 628 1279 ‚
650 1242 793 1276 terum,

26 1286 133 1330 nfilii
146 1315 163 1337 ,
191 1287 450 1343 agrifaciem,
473 1288 660 1329 dixerunt.
692 1290 795 1328 Nota

2 1368 4 1371 ·
27 1357 66 1386 tc
78 1349 339 1398 Interpretum
350 1344 416 1386 est.
448 1345 578 1385 cerda.

47 1407 241 1457 Inopinave
257 1403 413 1459 stagia]
438 1405 596 1443 Nomen
609 1400 661 1441 est
676 1429 688 1448 ‚
713 1413 796 1442 non

35 1459 241 1512 tricipium.
277 1463 377 1501 Nam
399 1461 617 1515 inopinatam
640 1459 798 1507 diceret,

43 1516 95 1557 od
108 1529 191 1556 non·
202 1518 388 1571 procedit.
430 1519 604 1572 opinatus
615 1516 722 1556 enim
738 1528 800 1556 ve-

28 1575 53 1614 lt
64 1573 113 1614 ab
123 1575 293 1629 eo‚quod
305 1574 359 1614 est
370 1576 502 1629 opin0r5
515 1570 577 1613 sed
592 1573 679 1628 quia
689 1575 802 1629 inopi-

29 1647 53 1671 ιν
78 1644 162 1672 non
176 1632 361 1678 dicimus,
393 1630 485 1671 ideo
509 1643 580 1670 nec
601 1632 806 1685 inopinatus

28 1688 95 1727 cit.
124 1686 215 1729 ficut
241 1689 282 1730 &
304 1705 422 1729 nocens
454 1688 699 1741 participium
722 1686 803 1735 est,

26 1745 77 1784 iia
90 1744 311 1786 invenimus
324 1761 419 1785 noceo
433 1745 593 1785 verbum
607 1759 618 1783 τ
640 1746 805 1786 innocens

16 1814 87 1841 eto
105 1814 269 1848 nomen,
283 1803 370 1856 quia
382 1805 518 1842 innoceo
529 1813 611 1841 non
623 1800 807 1850 dicimus,

47 1872 68 1899 e
91 1859 336 1912 participium
361 1871 445 1898 non
469 1858 604 1911 potest.
645 1859 805 1898 Nullum

16 1914 50 1956 i
69 1915 181 1955 enim
204 1915 461 1969 participium,
484 1915 586 1969 quod
600 1916 641 1955 &
655 1913 677 1955 ὲ
690 1913 809 1956 verbo

36 1971 280 2015 nttahitur:
311 1974 402 2014 licet
423 1970 446 2012 a
472 1971 526 2013 sui
553 1972 658 2012 verbi
681 1971 809 2012 forma

34 2049 43 2063 ·
54 2042 80 2070 n
92 2031 237 2078 veniat,
255 2041 299 2071 ut
306 2034 440 2085 placita
453 2058 466 2078 ‚
477 2031 569 2069 licet
578 2032 712 2084 placeor
725 2041 808 2069 non

30 2088 317 2135 'camus,tamen
326 2091 442 2141 placeo
453 2087 688 2125 invenimus.
706 2089 810 2126 Item

35 2155 156 2195 nata,
169 2146 403 2199 triumphata.
447 2142 564 2183 Unde
583 2146 742 2197 galeatus
768 2144 809 2183 &

61 2203 176 2242 icarus
205 2202 248 2242 δε
268 2212 407 2257 togatus
430 2200 596 2239 nomina
629 2210 814 2251 compro-

49 2268 151 2299 ntur.
193 2259 354 2298 Nullum
378 2258 488 2298 enim
501 2254 661 2297 verbum
672 2255 812 2296 horum

47 2314 164 2371 iginis
178 2315 378 2369 reperitur.
410 2316 569 2355 Servius.

24 2392 30 2418 s
57 2385 160 2423 105.'
181 2374 459 2427 Omniapraecepi
471 2400 484 2419 ,
498 2382 605 2426 atque
615 2370 732 2409 animo
741 2383 815 2409 me-

86 2442 170 2471 ante
178 2430 335 2485 peregi]
363 2431 531 2485 Pras-cepi,
543 2438 635 2467 ante
646 2425 814 2479 cognovi

26 2486 50 2527 b
59 2487 227 2534 Heleno,
241 2488 301 2528 vel
313 2484 334 2526 a
348 2497 468 2540 patre,
482 2486 548 2540 qui
559 2485 634 2532 ait,
644 2490 736 2524 Gens
747 2483 817 2524 du-

47 2555 156 2600 ‘atque
166 2547 289 2600 aspera
299 2547 392 2584 cultu
407 2541 630 2583 Debellanda
645 2543 710 2581 tibi
722 2541 817 2580 Latio

31 2598 62 2642 ἲ.
93 2602 204 2643 Dicit
223 2613 352 2642 autem
376 2597 413 2640 se
434 2599 560 2640 futura
582 2597 725 2652 partim
749 2610 815 2637 au-

55 2664 109 2706 te,
124 2658 264 2712 partim
280 2669 413 2698 mente
427 2653 646 2710 ptaecepiffe.
667 2653 739 2695 Sed
752 2666 816 2694 oc-

7 2935 9 2937 ,
33 2887 399 2942 impetitionem,
428 2898 470 2926 ut
495 2885 542 2926 ad
565 2884 661 2924 illud
676 2883 817 2929 veniat,

2 3017 9 3037 z
34 3001 96 3042 ‘cit
113 3020 220 3043 unum
238 3018 291 3042 oro
306 3020 320 3042 .-
349 3015 432 3041 non
458 2997 582 3039 solum
606 2998 729 3047 dicit,
755 2995 818 3038 sed

0 3138 1 3141 ¹
40 3130 80 3152 -110
110 3146 120 3157 .
154 3117 281 3159 Idem.

31 2716 146 2765 mit,
176 2717 214 2756 Si
229 2715 340 2756 novit
351 2715 487 2755 omnia
503 2742 515 2761 ,
537 2713 629 2768 quid
654 2709 820 2751 consulit

46 2787 51 2804 ·
102 2778 170 2816 en?
186 2770 379 2818 Sed-noss'e
391 2769 428 2811 se
438 2771 533 2812 dicit
543 2770 821 2823 omnia,quan-

8 2864 9 2867 ,
33 2848 76 2864 ¹··
108 2830 157 2870 ad
180 2830 332 2872 labores
361 2830 553 2884 pertinet:
585 2826 820 2868 &concedit

33 2956 82 2985 uo
106 2943 219 2999 poffit
242 2957 390 2999 patrem
406 2943 548 2984 videre.
590 2945 690 2982 Nam
714 2939 819 2995 quod

7 3054 19 3102 J·
49 3059 232 3112 oecipuum
248 3090 260 3108 ‚
273 3069 315 3100 ut
330 3087 342 3108 ‚
360 3064 475 3102 Unam
483 3057 679 3116 posthabita
689 3056 821 3112 coluiffi

1560 468 1616 521 Ir

899 546 1102 601 Praecepi.]
1133 549 1179 585 In
1207 550 1393 587 Romano
1414 546 1575 596 codice,
1602 485 1648 589 δῖ

840 603 1066 658 quibusdam
1077 603 1164 642 aliis
1178 604 1349 658 antiquis
1366 632 1378 648 ,
1395 608 1538 661 praecepi
1550 605 1649 658 legi·

840 671 923 698 tur:
954 659 1058 714 quod
1082 659 1186 698 idem
1201 660 1254 698 est
1267 686 1280 705 ,
1310 671 1397 700 cum
1409 663 1546 702 animo
1558 674 1648 702 me-

839 728 925 755 cum
942 727 1032 755 ante
1047 715 1187 769 peregi.
1218 715 1256 754 si
1269 728 1360 756 vero
1366 721 1501 774 percepi
1511 721 1653 772 placet,

839 785 881 812 ut
905 773 948 812 in
971 770 1274 826 Longobardico
1287 800 1299 818 ‚
1338 775 1378 813 ὅ(
1403 774 1446 814 in
1469 775 1650 816 Mediceo

840 827 1000 869 habetur
1016 857 1028 875 ,
1044 840 1130 868 ante
1143 828 1353 881 praepositio
1367 832 1516 886 utrique
1531 832 1652 873 verbo

836 884 954 926 fuerit
976 885 1201 939 applicanda
1217 913 1230 931 ,
1261 889 1393 926 Omnia
1405 900 1489 928 ante
1498 893 1651 945 percepi,

840 949 891 1007 φ’
903 947 1020 983 omnia
1035 953 1120 983 ante
1133 958 1264 982 mecum
1278 946 1395 985 animo
1400 947 1520 1001 peregi
1525 975 1536 986 .
1567 948 1653 988 Pie-

845 1012 936 1040 rius.

895 1056 1022 1098 Omnia
1040 1054 1227 1111 μικρὴ]
1251 1056 1397 1098 Volunt
1421 1060 1659 1112 Interpretes

839 1111 916 1154 dici
929 1114 1001 1153 hoc
1012 1125 1055 1152 ex
1066 1113 1284 1153 stoicorum
1298 1113 1474 1153 doctrina
1486 1143 1501 1162 ‚
1514 1117 1580 1170 qui
1592 1118 1659 1156 di-

841 1169 996 1217 cebant,
1014 1167 1228 1222 sapientem
1239 1170 1408 1210 omnino
1420 1169 1559 1212 debere
1571 1173 1659 1213 ani-

844 1239 913 1268 mo
923 1226 1104 1268 excubate
1118 1254 1131 1273 ,
1162 1238 1204 1266 ut
1219 1226 1320 1267 nihil
1331 1228 1500 1268 omnino
1512 1229 1662 1283 impro-

844 1282 967 1325 visum
990 1283 1058 1324 fibi
1081 1283 1253 1330 accidat3
1294 1282 1359 1324 sed
1395 1287 1533 1325 omnia
1558 1287 1664 1340 prius

844 1352 1030 1397 tanquam
1042 1354 1086 1382 ex
1099 1338 1245 1394 specula
1257 1340 1472 1394 praeviderit
1484 1369 1496 1389 ,
1512 1345 1553 1383 &
1565 1356 1664 1396 pro..

846 1399 996 1440 viderit.
1026 1402 1201 1439 Muretus
1225 1397 1295 1438 lib.
1312 1412 1351 1449 5.
1379 1404 1465 1439 var.
1492 1411 1573 1453 cap.
1593 1413 1659 1442 η.

844 1456 998 1496 adducit
1021 1456 1151 1495 locum
1169 1468 1215 1495 ex
1239 1452 1444 1510 AEscbylo‚
1473 1455 1521 1496 ad
1545 1469 1664 1512 quem

848 1513 969 1553 videri
1001 1511 1114 1566 poffit
1150 1514 1269 1555 I'o'e'ta
1293 1511 1548 1554 contendiffe.
1592 1514 1670 1557 Ait

850 1570 1098 1611 Prometheus
1109 1582 1120 1608 :

879 1631 946 1681 Καὶ
964 1643 1017 1667 wi
1031 1625 1065 1666 τί
1081 1623 1207 1677 φημὶς
1234 1623 1357 1668 ποίνΊα.
1370 1624 1667 1682 πρὲξεπὶςαμαρ

882 1683 1046 1738 Σκεθρῶς
1060 1682 1110 1724 πὶ
1121 1682 1300 1735 μὲλλονΎ,
1314 1683 1386 1724 ε’ἆϊ
1397 1700 1471 1737 μοι
1485 1683 1672 1725 ποἽοιίνιου

883 1742 990 1794 Πῦμ’
1017 1741 1105 1781 κ’ἆὲν
1131 1739 1173 1793 {1¹}
1180 1742 1223 1790 «ξε

883 1800 954 1839 Sed
966 1798 1055 1854 quid
1064 1799 1134 1837 hac
1145 1798 1221 1839 dico
1233 1800 1251 1842 ἓ
1273 1798 1390 1838 omnia
1396 1803 1566 1854 praenofito

885 1860 1029 1912 Optime
1050 1869 1125 1911 quae
1137 1858 1226 1907 fimt
1240 1859 1374 1907 futura
1384 1883 1401 1906 ,
1425 1872 1488 1897 nec
1500 1858 1589 1899 mihi
1599 1860 1671 1901 im«

1019 1915 1199 1968 provificm
1670 1911 1674 1914 ¹

888 1971 1029 2008 Malum
1050 1968 1159 2010 ullum
1179 1969 1331 2009 eveniet.

859 2025 1013 2065 Alludit
1035 2027 1175 2080 quippe
1199 2024 1511 2067 Prometheusad
1525 2040 1676 2071 nornen

857 2080 982 2123 suum.
1012 2081 1213 2123 Taleillud
1228 2087 1376 2123 Senecae
1387 2084 1431 2123 in
1442 2085 1603 2138 Hippoi.

887 2147 960 2194 ’Ἇζς
971 2153 1087 2179 metue
1100 2139 1218 2179 clades
1218 2142 1370 2191 fortiter
1369 2143 1453 2191 sari
1461 2145 1620 2197 asperas,

886 2201 966 2236 Non
979 2198 1197 2250 imparatum
1209 2196 1326 2247 peHus
1338 2201 1502 2238 arumnis
1505 2214 1601 2254 gero.

864 2251 904 2291 &
930 2253 1109 2292 Terentii
1129 2253 1173 2291 in
1197 2252 1462 2293 Phormione:
1489 2255 1679 2298 Meditata

854 2311 941 2362 fimt
956 2309 1171 2351 mihiomnia
1181 2324 1258 2350 mea
1267 2309 1491 2350 incommoda.
1525 2313 1565 2353 ὅ(
1588 2312 1677 2365 post

863 2377 979 2419 pauca
1003 2379 1015 2404 ἕ
1049 2371 1184 2407 Horum
1212 2365 1306 2406 nihil
1328 2369 1519 2422 quicquam
1545 2370 1683 2411 accidet

863 2426 979 2463 animo
1003 2439 1145 2464 novum.
1201 2426 1288 2462 Haec
1314 2422 1360 2463 in
1398 2425 1682 2478 Interpretibus

864 2477 950 2520 sunt
963 2509 976 2527 ,
993 2492 1038 2521 ex
1051 2491 1216 2534 quotum
1231 2489 1364 2519 mente
1375 2493 1449 2534 ego
1461 2480 1528 2521 ista
1545 2495 1555 2520 :
1586 2495 1681 2526 nam

865 2536 965 2576 mihi
979 2537 1218 2577 verisimilius
1229 2534 1281 2576 est
1295 2563 1308 2583 ‚
1323 2539 1487 2578 Poetam
1501 2551 1584 2579 non
1596 2551 1681 2582 tam

863 2594 911 2634 ad
936 2595 1154 2634 Stoicorum
1176 2593 1398 2634 doctrinam
1428 2595 1685 2645 contendiss'e,

865 2663 980 2705 quam
993 2651 1040 2691 ad
1053 2651 1191 2692 Heleni
1205 2652 1359 2691 monita
1372 2680 1385 2699 ,
1401 2664 1480 2705 quae
1493 2651 1684 2696 habentur

867 2708 936 2748 lib.
953 2721 991 2761 3.
1007 2713 1100 2750 AEn.
1132 2707 1204 2749 Sed
1225 2708 1355 2748 locum
1378 2708 1492 2749 istum
1509 2710 1557 2751 de
1569 2713 1685 2753 malis

868 2765 1199 2820 praeoccupandis,
1223 2776 1267 2804 ut
1290 2765 1442 2806 leniora
1465 2764 1566 2814 fint,
1592 2781 1682 2812 cum

868 2823 1030 2864 veniant
1043 2852 1057 2870 ,
1079 2822 1169 2864 satis
1191 2820 1371 2863 illustravi
1384 2821 1453 2863 lib.
1469 2836 1509 2865 2.
1524 2826 1686 2868 AEneid.

871 2881 999 2921 Corda.

937 2937 1029 2978 106.
1068 2935 1262 2993 Qamlo]
1300 2934 1497 2992 Siquidem
1514 2951 1525 2976 z
1557 2938 1599 2979 δε
1627 2937 1684 2982 est

868 2994 1108 3045 conjunstio.
1142 2997 1301 3033 Servius.

947 3065 1039 3101 107.
1083 3056 1126 3091 Ee
1150 3050 1329 3103 tenebrasti
1347 3052 1450 3104 palae
1477 3051 1689 3093 Acheronte

867 3109 1020 3163 refifin]
1050 3106 1233 3151 *Paludem
1243 3108 1403 3162 prolatu
1414 3104 1554 3163 posuit.
1584 3112 1689 3151 Nam

1567 3172 1692 3210 Aves-
