2037 3787
446 126 907 191 AEri'uro'o'}

993 129 1041 188 L
1060 126 1085 192 ‘1
1106 127 1153 188 12:
1202 127 1252 190 1:
1586 127 1699 210 '245

22 236 136 292 620
157 225 362 290 Finibus
379 222 643 303 expulsum
661 223 835 300 patriis
853 261 870 288 ‚
907 243 1045 282 nova
1061 230 1221 306 regna
1235 241 1507 303 petentem
1524 262 1543 293 ‚

140 311 352 372 Auxilio
368 308 502 368 Beli.
543 308 749 387 genitor
764 323 876 363 tum
894 308 1050 364 Belus
1068 311 1303 386 opimam

143 390 389 455 Vastabat
410 392 648 468 Cyprum
664 428 681 454 ‚
721 395 776 447 &
797 390 965 446 vietor
979 389 1175 449 ditione
1191 389 1421 453 tenebat.

142 479 418 553 Tempore
433 475 538 550 jam
552 493 616 530 ex
629 473 725 529 ‘illo
738 469 875 529 casus
892 471 1018 529 mihi
1036 474 1275 555 cognitus
1291 474 1431 532 urbis

140 559 389 634 Trojanae
402 596 419 622 ‚
466 576 766 636 nomenque
783 572 929 612 tuum
947 593 964 620 ‚
997 558 1243 636 regesque
1262 554 1481 638 Pelasgi.

21 647 126 723 625
145 637 260 722 Ipse
274 637 435 698 hostis
450 642 691 698 Teucros
705 637 890 719 insigni
903 636 1052 695 laude
1070 634 1267 698 ferebat
1283 679 1303 707 ‚

1520 721 1693 800 Seque

13 841 100 901 quis
113 846 210 886 non?
243 850 425 884 petentem
435 854 565 885 autem
578 844 690 893 dicit:
721 842 826 900 quod
873 838 942 878 don
955 864 971 887 ,φ
996 851 1189 895 antequam
1202 838 1226 878 a*
1240 837 1357 890 Persis
1368 850 1568 895 caperetur,
1583 839 1696 902 mart}

17 912 119 941 certa
139 910 250 941 erant
278 902 344 941 illa
374 912 489 954 regna
515 903 555 942 δε
569 903 724 942 oraculo
736 913 826 955 pro·
870 899 1043 937 timarum
1057 899 1192 937 urbium
1219 901 1392 937 maxima.
1428 892 1662 937 Emmeneff.

14 955 136 999 missa.
170 963 230 998 De
245 958 404 997 incertis
415 960 523 999 enim
535 956 696 1005 dixiffet,
717 964 827 1016 Qae-

15 1027 177 1058 rente-ms
206 1019 309 1055 Bene
325 1018 458 1054 Horat.

30 1081 36 1088 '
74 1075 142 1117 Nil
163 1072 421 1126 desperandum
445 1079 577 1115 Teucro
595 1071 681 1113 duce
695 1076 748 1117 (γ’
761 1086 828 1112 au-

46 1151 59 1157 ··
188 1131 274 1183 spice
289 1136 414 1169 Teucro
429 1147 442 1169 .-

102 1192 227 1236 Certus
239 1188 331 1225 enim
339 1186 498 1240 promtfit
521 1190 572 1227 ,A
569 1186 659 1240 pollo

69 1245 294 1299 Ambiguum
307 1241 429 1282 tellure
440 1239 536 1282 novd‘
565 1243 745 1282 Salamine
758 1243 825 1293 fu-

27 1324 29 1327 <
154 1320 155 1323 ’
205 1316 207 1318 ’
227 1310 358 1338 turum·

16 1355 68 1397 Et
80 1352 181 1394 bene
194 1357 366 1409 Cyprum
375 1355 525 1409 opimam
538 1352 647 1393 dixit:
661 1364 703 1395 ut
715 1354 822 1394 enim

12 1407 224 1450 insularum
247 1411 414 1450 maxima
428 1439 440 1457 ,
466 1411 606 1465 quippe
621 1424 765 1450 novem
780 1425 824 1450 o-

16 1467 90 1507 lim
103 1479 313 1520 regnorum
326 1465 432 1507 sedes
447 1478 461 1514 3
493 1469 545 1507 ita
571 1468 677 1508 dives
689 1479 770 1508 erat
784 1470 824 1507 &

15 1523 123 1579 mirae
155 1523 365 1564 fertilitatis
380 1539 389 1563 :
420 1523 524 1564 unde
559 1526 599 1565 δε
624 1523 826 1576 μαννάρλως

21 1581 160 1620 Graccis
169 1580 380 1621 dicebatur.
411 1583 502 1622 Erat
515 1582 554 1621 &
566 1583 667 1621 luxui
679 1581 827 1630 dedita3

19 1638 61 1677 &
74 1637 234 1690 proinde
257 1638 395 1690 Veneri
423 1635 521 1677 sacra
538 1666 549 1683 ,
580 1652 660 1693 quae
671 1636 826 1679 etiam-5

14 1693 209 1747 potiffimfi
220 1694 328 1749 ipsius
341 1693 437 1735 urbe
449 1694 620 1748 Cythera
634 1724 649 1743 ,
678 1709 828 1736 nomen

16 1749 71 1791 est
93 1749 241 1791 sortita.
300 1750 511 1793 Dicebatur
535 1753 576 1792 &
613 1756 829 1794 Deliciarum

17 1819 142 1863 meter.
175 1808 303 1865 Qiam
319 1811 359 1849 &
376 1810 577 1857 Romani,
607 1809 659 1849 ob
672 1824 828 1863 gravem

17 1877 145 1905 rerum
167 1869 411 1921 opulentiam
426 1894 439 1913 ‚
470 1865 599 1920 postea
633 1879 826 1922 ceperunt.

22 1923 173 1965 Taum.

28 2004 35 2010 -
54 1979 240 2030 ·Sidona.]
262 1978 417 2020 Urbem
432 1976 505 2020 effe
517 1978 723 2020 Phoeniciae
738 2008 749 2026 ,
766 1980 828 2019 in-

17 2047 94 2089 que
106 2034 242 2091 Assyrii
258 2038 373 2077 maris
383 2039 517 2092 littore
530 2037 688 2090 pofitam
701 2035 831 2078 scribit

5 2090 432 2134 AchillesAlexandrinL
438 2096 462 2134 1.
474 2108 486 2132 r
496 2124 505 2132 .
520 2092 712 2134 consentit
728 2100 836 2134 Stra·

14 2146 69 2189 bo
82 2149 174 2189 l.16.
196 2148 316 2189 Σιάῶν
331 2152 388 2191 ἐπὶ
402 2150 524 2197 Ailou&
538 2150 655 2204 Mlsgfi‘
676 2150 708 2191 ’θ’
719 2152 831 2192 ἠπεί-

14 2219 54 2258 ρες
64 2203 143 2248 τὼ)
154 2205 299 2259 ἵόρυστν
310 2207 403 2263 ἔχει.
436 2208 547 2248 Sidon
549 2209 661 2260 situm
673 2209 779 2249 habet
793 2212 833 2250 in

3 2263 238 2317 pulcherrimo
252 2268 461 2305 concinentis
469 2277 579 2317 portu.
588 2265 729 2304 Eadem
737 2270 828 2306 Pto-

13 2320 173 2359 lomaeus
196 2317 327 2360 scribit
339 2349 353 2367 ,
380 2322 420 2361 ἃ
434 2319 507 2361 effe
520 2320 654 2361 urbem
668 2321 828 2362 Palaesti-

15 2378 285 2429 nae.Congruit
299 2378 575 2418 nomen.Sidon
588 2379 696 2417 enirn
712 2379 828 2420 Phoe-

13 2432 154 2473 nicam,
170 2434 299 2487 lingua
328 2431 468 2486 piscem
491 2434 677 2489 significat
688 2464 703 2484 ‚
735 2437 827 2475 inde

15 2487 91 2528 hoc
116 2503 265 2530 nomen
292 2491 380 2531 urbi
404 2492 537 2531 datum
563 2521 575 2538 ,
618 2491 696 2545 qu'ae
720 2494 822 2538 iuxta

15 2558 133 2586 mare.
165 2548 332 2587 Nulla-in
346 2554 440 2589 vate
452 2548 505 2588 est
517 2549 821 2595 contradistimfi

14 2603 258 2656 expendatur.
275 2611 331 2645 Vc
339 2607 397 2645 nit
409 2609 556 2644 Teucer
572 2606 823 2654 Sidonem,ad

15 2662 149 2700 Belum
163 2673 233 2714 pro
246 2663 388 2701 auxilio
404 2690 417 2709 ‚
441 2659 502 2702 scd
519 2692 533 2711 ,
555 2661 612 2702 ibi
636 2665 728 2702 Belo
741 2677 822 2703 non

14 2714 180 2757 invento
197 2746 209 2765 ,
239 2719 311 2759 ivit
335 2719 379 2759 ad
405 2722 575 2771 Cyprum
589 2747 602 2766 ‚
635 2719 702 2759 ubi
729 2730 822 2760 tunc

17 2774 154 2814 Belus:
180 2775 240 2815 vel
263 2776 368 2830 quod
393 2778 519 2829 potius
543 2777 686 2826 duco,
716 2779 824 2817 venit

13 2831 158 2871 Teucer
182 2832 367 2872 Sidonem
382 2861 392 2878 ‚
420 2832 485 2872 ubi
505 2846 590 2873 vere
601 2836 822 2881 erat-Belus,

14 2889 178 2940 quicum
193 2901 285 2929 tunc
296 2903 362 2942 per
374 2888 459 2929 suos
483 2890 597 2930 duces
611 2918 625 2938 ‚
653 2893 694 2931 &
718 2904 825 2930 exer-

15 2943 136 2984 citum
159 2949 333 2999 Cyprum
359 2947 515 2987 vastaret
531 2976 542 2993 ,
569 2961 618 2986 eo
630 2951 822 2988 Teucrum

14 2999 115 3041 milit
129 3029 141 3048 ,
168 3013 209 3042 ut
224 3001 359 3043 urbem
372 3003 571 3043 conderet.
604 3005 730 3044 Corda.

26 3059 46 3080 -’
72 3058 250 3111 Sidona.]
281 3062 400 3102 Πόλις
424 3062 588 3108 <pontum
613 3060 817 3115 Stephano.
864 3103 867 3106 ,

931 952 1026 994 621.
1074 956 1217 994 Genitor
1240 966 1317 993 tum
1344 955 1481 1005 Belua]
1519 952 1692 1010 Qidam

874 1010 991 1049 alium
1005 1021 1152 1062 patrem
1169 1008 1324 1052 Meliffae
1337 1011 1484 1051 dicunt.
1500 1012 1662 1050 Servius.

934 1069 1132 1121 Opimam]
1160 1070 1235 1108 Pro
1267 1073 1469 1124 opulentam
1508 1065 1695 1108 nonnulli

875 1125 1081 1177 accipiunt.
1113 1125 1230 1166 Idem.

932 1181 1021 1222 622.
1057 1181 1226 1235 Vastahat
1240 1181 1434 1236 Cyprum]
1459 1181 1590 1238 Qam
1605 1175 1695 1219 sub-

873 1237 999 1277 astam
1015 1266 1030 1287 ,
1063 1238 1244 1279 conceffit
1257 1241 1410 1279 Teucro
1424 1251 1493 1279 :ex
1505 1234 1691 1289 responso

874 1295 1071 1347 Apollinis
1084 1296 1176 1336 illuc
1187 1307 1412 1350 perrexerat,
1427 1308 1470 1336 ut
1481 1296 1524 1335 in
1537 1306 1581 1334 ea
1593 1306 1638 1332 co
1645 1305 1694 1332 n-·-

873 1351 1018 1392 locaret
1045 1353 1251 1406 imperium
1271 1381 1283 1400 ,
1315 1354 1478 1408 quiearn
1494 1352 1693 1391 civitatem

874 1410 1112 1449 Salaminam
1137 1424 1180 1450 ex
1209 1411 1372 1450 nomine
1384 1411 1511 1463 patriae
1524 1409 1580 1449 ibi
1592 1419 1692 1448 con-

874 1465 975 1506 didit
989 1486 999 1515 3
1028 1467 1116 1507 licet
1127 1469 1192 1507 alii
1205 1469 1337 1508 dicant
1349 1495 1362 1515 ,
1379 1466 1427 1506 ab
1445 1464 1525 1519 ipso
1539 1471 1690 1512 Teucro

875 1524 996 1577 Cypri
1017 1521 1210 1577 superatos
1235 1525 1382 1565 incolas
1397 1552 1408 1569 ‚
1440 1523 1538 1564 &fic
1552 1522 1696 1563 condi-

876 1590 958 1619 tam
981 1580 1178 1621 civitatem
1194 1601 1204 1629 ς
1234 1582 1337 1621 unde
1348 1584 1509 1623 Auxilio
1524 1584 1606 1621 ‘Beli
1618 1592 1686 1619 ac-

872 1638 947 1688 cipi
961 1637 1087 1690 potest
1102 1668 1113 1686 ,
1141 1640 1260 1679 etiam
1274 1643 1425 1679 Teucro
1438 1639 1619 1677 auxilium
1637 1664 1649 1683 ,
1664 1632 1690 1676 ἒ

875 1696 968 1734 Belo
991 1694 1039 1734 ad
1065 1697 1365 1751 occupationem
1393 1692 1528 1736 rns‘ulae
1550 1692 1694 1749 praesti-

876 1761 972 1791 tum.
1006 1752 1120 1793 Idem.
1314 1757 1317 1759 ’

932 1808 1104 1864 Vastahat
1128 1816 1278 1866 Cyprum
1302 1814 1354 1854 &¹
1380 1807 1590 1861 viH.&c.]
1617 1812 1695 1847 Er-

875 1878 1003 1906 rorem
1019 1867 1140 1907 Servii
1152 1867 1275 1920 arguit
1290 1868 1328 1906 P.
1345 1867 1488 1908 Victor.
1505 1878 1579 1905 var.
1595 1865 1686 1904 lest.

877 1924 903 1961 l.
928 1937 989 1965 12.
1012 1936 1043 1963 c.
1073 1937 1136 1965 12.
1165 1937 1248 1963 non
1274 1925 1382 1963 enim
1396 1921 1693 1963 conceffitTeu-

876 1992 941 2019 cro
965 1978 1238 2021 hancinsulam
1251 2008 1267 2028 ‚
1288 1977 1350 2020 sed
1362 1980 1448 2020 filio
1472 1979 1697 2033 Pygmalio-

880 2039 920 2076 αἱ
945 2037 1214 2090 poffidendam
1235 2037 1402 2091 reliquit.
1452 2042 1602 2077 Teucer
1623 2049 1693 2076 au-

877 2105 959 2134 tem
1001 2094 1188 2149 oppidum
1227 2107 1382 2135 tantum
1433 2095 1533 2136 illius
1582 2092 1692 2134 insu-

875 2153 919 2190 1ae
943 2154 1070 2193 tenuit
1084 2181 1097 2200 ‚
1123 2153 1228 2203 cuius
1252 2150 1550 2206 descriptionem
1575 2152 1694 2192 tradit

878 2210 980 2248 Mela
993 2209 1019 2250 l.
1028 2224 1064 2250 2.
1077 2221 1151 2260 c.7.
1186 2216 1214 2249 C
1203 2223 1320 2264 yprus
1330 2211 1379 2249 ad
1390 2221 1504 2250 ortum
1515 2212 1690 2263 occafhm-

877 2283 943 2320 que
944 2269 985 2317 fia
995 2268 1203 2312 immittens,
1209 2267 1300 2306 reHo
1306 2271 1388 2322 jugo
1398 2270 1492 2307 inter
1510 2269 1693 2319 Ciliciam,

880 2326 1062 2376 Syriafilue
1078 2326 1270 2378 porrigitur
1291 2325 1435 2379 ingms,
1462 2336 1501 2363 ut
1523 2340 1600 2378 quae
1624 2325 1693 2362 ali-

877 2380 1014 2432 quando
1025 2397 1149 2419 novem
1161 2396 1268 2435 regna
1279 2385 1411 2434 ceperit
1425 2409 1437 2424 ,
1452 2387 1504 2425 ἐφ’
1517 2396 1610 2420 nunc
1619 2383 1695 2420 ali-

877 2448 957 2489 quot
970 2438 1173 2486 urbesferat
1186 2465 1197 2481 ,
1214 2447 1295 2480 &c-
1331 2435 1573 2477 Emmeness'.

943 2495 1101 2532 Ditione.
1119 2494 1136 2545 ]
1167 2492 1357 2534 Por-estate
1374 2512 1383 2540 3
1408 2495 1541 2532 omnis
1577 2491 1687 2533 enim

874 2549 1039 2600 potestas
1053 2550 1166 2590 distis
1178 2549 1342 2596 constat,
1357 2551 1395 2589 id
1409 2549 1462 2590 est
1476 2579 1487 2596 ‚
1503 2551 1688 2603 imperio,

876 2608 915 2647 ὅ(
929 2606 1147 2660 quaerendus
1159 2607 1424 2647 nominativus
1436 2607 1546 2655 hujus
1559 2609 1694 2647 norni-

877 2664 938 2702 nis
953 2693 963 2709 ,
990 2661 1052 2703 sed
1078 2664 1125 2703 dc
1151 2664 1219 2703 hac
1231 2677 1270 2702 re
1283 2662 1438 2704 historia
1451 2665 1568 2719 longe
1584 2664 1694 2706 aliud'

875 2721 1069 2761 continet.
1098 2724 1258 2760 Servius.

933 2782 1024 2830 623.
1059 2780 1205 2831 Casum]
1231 2782 1312 2829 Hoc
1324 2778 1412 2818 loco
1427 2807 1443 2826 ,
1466 2778 1593 2818 ruinae.
1628 2789 1690 2824 ut,

879 2841 905 2875 C
907 2834 1082 2890 eciditque
1084 2837 1273 2889 fiaepcrbum
1288 2839 1411 2876 ilium.
1427 2848 1510 2876 non
1523 2835 1688 2878 fortunae

876 2891 1150 2945 intelligendus
1164 2891 1216 2932 est
1230 2890 1342 2931 casus.
1379 2892 1499 2932 Idem.
1627 2926 1630 2928 .
1685 2911 1688 2914 ¹
1713 2915 1717 2918 ·

933 2948 1026 2994 624.
1059 2950 1236 3004 Pelasga]
1263 2953 1301 2988 A
1327 2946 1484 3005 Pelasgo
1509 2947 1620 3007 Jovis
1646 2948 1689 2990 &

877 3003 1024 3045 Lariffi:
1036 3005 1133 3045 filio.
1164 3006 1283 3045 Idem.

935 3063 984 3103 62
996 3077 1030 3112 5.
1064 3066 1140 3117 Ipsb
1152 3062 1253 3116 hostis
1266 3063 1446 3113 Teucros]
1490 3063 1692 3112 Trojano-

11 3112 234 3169 Pomponio
249 3118 360 3160 Melae
372 3117 394 3160 l.
415 3131 451 3160 2.
467 3130 498 3159 c.
516 3131 576 3161 12.
595 3122 756 3176 opulenta
768 3122 825 3159 si·
880 3132 967 3160 rum
978 3120 1101 3162 laudis
1112 3121 1352 3175 exaggeratio
1371 3133 1382 3159 ε
1408 3119 1473 3176 qui
1496 3117 1702 3162 etiamab-

1257 3176 1345 3233 (23
1582 3173 1698 3221 hosta
