2037 3787
474 140 871 199 AENEIDo

912 156 936 194 s
988 136 1038 194 L
1069 155 1093 194 1
1124 156 1175 197 B.
1209 130 1322 194 VI.
1602 152 1731 195 1111

162 247 290 323 Qo
307 236 487 299 fessum
506 241 678 320 rapitis
696 272 721 308 ‚·
748 236 930 296 Fabii?
961 255 1016 295 tu
1036 235 1472 298 Maximus-ineas
1491 270 1509 300 ‚

32 476 155 509 ranas,
179 459 284 514 prius
298 460 463 502 Attilius
489 459 614 500 difflrs
627 487 642 508 ,
663 455 684 500 Ξ
701 460 854 511 serenda

35 519 110 559 hoc
120 530 343 572 cognomen
358 516 514 558 sortitus
528 517 605 557 est:
635 518 739 557 unde
753 519 851 556 Plin.

31 575 103 618 lib.
137 576 199 618 18·
231 588 313 629 cap.
343 589 381 629 3.
425 583 604 615 Serenum
628 578 849 615 invenerant

2 661 3 665 =
29 634 113 673 dati
137 633 278 672 honores
300 640 491 673 Serranum
516 659 530 680 ,
565 631 668 674 unde
705 644 852 687 cogno-

40 701 148 731 men.
178 696 385 732 Germanus.

95 749 288 799 Serrana]
320 746 515 787 Salvianus
528 744 598 786 lib.
618 759 655 785 r.
685 743 732 784 de
758 746 855 784 Pro-

35 804 211 847 videntia
249 802 416 844 scribens
451 805 500 843 de
525 800 654 856 priscis
680 802 857 842 moribus

41 866 315 902 Romanorum
343 876 353 901 :
393 868 470 903 Non
496 861 733 915 despiciebant
758 873 856 904 tunc,

31 931 131 975 puto,
154 932 324 974 pauperes
340 922 454 959 cultus
465 946 480 967 ‚
495 934 572 957 cum
582 917 710 970 vestem
723 916 855 956 hirtam

39 992 80 1015 ac
103 979 248 1017 brevem
263 977 464 1028 fhrnerenc:
500 991 576 1014 cum
600 977 644 1013 ab
658 986 777 1012 aratro
790 989 853 1014 ar-

38 1031 251 1087 eeffivren'tur
262 1032 450 1084 adfiesces.
480 1033 668 1072 Manilius
681 1030 798 1081 1ib.4.

63 1097 233 1131 Serranus
245 1117 258 1135 ,
289 1092 472 1145 Curiofilue
484 1092 565 1130 tulit
579 1117 590 1135 ,
603 1090 786 1143 fascesque
792 1095 858 1144 pei*

185 1162 279 1186 arva

65 1203 262 1250 Tradidit,
286 1206 372 1258 ἔφη
387 1204 449 1256 fico
473 1202 639 1243 Dic‘lator
662 1203 765 1242 venit
778 1215 858 1242 ara-

190 1272 259 1300 tru-

42 1314 184 1356 Allufit
198 1317 379 1357 Sidonius
391 1314 503 1357 lib.8.
522 1314 636 1368 Epist.
657 1313 765 1372 Qid
777 1321 858 1354 Ser-

39 1388 202 1413 ranorum
227 1379 370 1415 aemulus
383 1402 396 1422 ,
423 1380 475 1418 Θ*
505 1373 731 1425 Camillorum
746 1400 759 1419 ,
786 1388 860 1411 cum

43 1445 146 1486 regas
162 1431 299 1485 stivam
315 1460 327 1478 ‚
364 1433 564 1482 diſs'imut'as
587 1443 703 1485 aptare
722 1432 860 1482 palma-

42 1490 146 1531 tam?
160 1491 308 1529 Servius
326 1490 430 1528 nulla
448 1486 610 1526 historiae
625 1486 698 1526 fide
712 1485 857 1533 scribit,

35 1548 248 1587 vSerrai-ium
280 1557 458 1585 vocatum
473 1558 518 1584 ex
528 1556 654 1584 aratro
666 1544 711 1582 ad
728 1544 862 1583 Dista-

39 1603 314 1643 turamzdicete
330 1598 859 1648 debnisset‚adConliilatum.

43 1662 132 1699 Hoc
147 1661 252 1699 idern
264 1673 398 1715 parum
410 1671 519 1699 caute
531 1657 606 1698 suis
618 1658 860 1712 marginibus

43 1715 278 1757 addiderunt
292 1717 512 1764 Manutius,
524 1716 678 1771 aliique.
694 1712 861 1754 Fortasse

43 1771 84 1813 hi
100 1787 240 1815 omnes
249 1774 398 1828 decepti
409 1770 714 1826 ίῖιηῐμνκμονικῷ
729 1771 862 1827 εἱμαρ-

44 1828 200 1881 αῆμιιἽι.
229 1835 334 1872 Nam
350 1836 512 1871 Serrano
526 1829 741 1870 attribuunt
758 1858 768 1877 ,
783 1843 862 1884 quae

42 1888 221 1929 Romani
255 1887 456 1941 scriptores
477 1888 572 1927 dant
599 1887 856 1928 Cincinnato.

46 1946 121 1986 Hic
133 1946 242 1986 enim
257 1959 301 1987 ex
311 1956 440 1986 aratro
451 1945 620 1998 primum
636 1955 797 1984 vocatus
809 1943 862 1984 est

44 2003 94 2043 ad
107 2000 381 2050 Consulatum,
393 2002 534 2042 deinde
545 2002 591 2041 ad
607 2002 861 2041 Distaturam.

45 2063 152 2114 Lege
179 2058 491 2111 Dionyfiumlib.
508 2072 575 2099 10.
588 2059 727 2112 Antiq.
744 2061 784 2098 &
799 2063 859 2098 Se-

45 2129 184 2157 necam
221 2116 276 2156 de·
296 2116 435 2157 brevit.
475 2116 584 2155 vitae:
615 2116 656 2155 ὃ(
680 2115 859 2155 Οιοίίιιῐῃ
888 2112 892 2125 ¹

45 2173 115 2213 lib.
134 2186 263 2226 2.cap.
275 2187 334 2215 12.
350 2175 390 2213 ὅ(
408 2173 638 2224 Eutropium
651 2171 719 2211 lib.
731 2186 766 2212 1.
784 2177 866 2211 Ser-

43 2243 163 2272 ranus
176 2243 330 2271 tantum
345 2259 359 2280 ,
373 2231 420 2270 ad
435 2227 708 2269 Consulatum.
742 2229 866 2268 simili
891 2233 893 2246 ¹

45 2301 177 2329 errore
191 2288 392 2329 cedrenus
404 2284 738 2338 involvitur,apnd
751 2299 865 2340 quem
890 2251 896 2340 i

45 2348 94 2387 L.
123 2346 330 2401 Qinstius
355 2345 614 2384 Cincinnatus
643 2354 798 2382 vocatur
823 2356 867 2383 ex

46 2414 176 2444 aratro
201 2402 248 2442 ad
276 2400 556 2443 Consulatum:
588 2399 797 2440 &additid
812 2399 870 2439 fa-

50 2461 158 2501 &um
174 2488 189 2509 ,
214 2462 372 2499 Nerone
394 2459 634 2512 imperante,
675 2458 777 2512 quod
799 2456 870 2497 fal-

1569 317 1724 374 Unus

905 457 1072 500 canilib.
1093 474 1130 502 r.

1014 537 1089 548 --
1103 515 1282 573 quondam
1293 514 1531 567 durosidcaeta
1547 511 1693 552 camilli

937 580 1084 616 Vomere
1099 604 1109 618 ‚
1124 579 1176 618 φ’
1187 577 1353 630 antiquos
1367 575 1551 613 Curiorum
1565 569 1668 624 paffit
1681 568 1732 606 li-

1047 647 1173 688 genes,

936 690 1120 743 Longafiab
1129 684 1257 744 ignotis
1269 684 1460 727 extendere
1471 700 1555 725 rura
1566 684 1704 723 colonis.

911 746 1057 786 Cerda.

969 803 1062 854 846·
1093 806 1174 858 Qo
1188 802 1320 853 fefft'aem
1334 802 1463 855 rapitis
1476 798 1614 849 Fabia]
1648 802 1732 837 Cur

913 872 995 908 me,
1007 858 1033 899 ὃ
1047 858 1168 905 Fabii,
1183 857 1319 898 fessum
1334 858 1379 897 ad
1394 856 1553 896 vestram
1582 855 1736 895 trahitis

912 917 1204 958 narrationem?
1232 922 1312 955 Aut
1325 915 1557 968 certefeffiam
1570 911 1733 952 tristem:

911 986 952 1014 ut
966 1004 977 1022 ,
1004 982 1068 1014 Ter
1079 976 1189 1027 feffics
1202 973 1296 1012 vaae
1305 972 1436 1025 resedit
1449 1000 1461 1018 ,
1488 969 1631 1010 scilicet
1642 982 1738 1022 pro·

908 1045 993 1084 pter
1007 1044 1142 1071 eorum
1161 1043 1346 1070 mortem.
1380 1033 1479 1068 Nam
1497 1029 1658 1067 trecenti
1673 1025 1733 1067 sex

909 1087 1064 1129 filerunt
1087 1088 1134 1127 de
1161 1100 1236 1128 una
1259 1086 1432 1126 familia:
1460 1085 1733 1141 quiconjurati

910 1159 997 1186 cum
1035 1144 1148 1185 servis
1175 1147 1215 1185 δε
1249 1144 1458 1184 clientibus
1483 1142 1558 1182 suis
1593 1154 1730 1182 contra

913 1206 1096 1251 Veientes
1119 1203 1378 1248 dimicarunt,
1407 1203 1446 1241 &
1461 1199 1608 1240 insidiis
1630 1199 1732 1252 apud

913 1265 1143 1301 Cremeram
1180 1261 1340 1300 fluvium
1376 1259 1604 1311 interempti
1629 1255 1729 1296 sunt.

917 1323 1027 1358 Unus
1060 1327 1214 1357 tantum
1239 1315 1420 1370 superfuit
1447 1317 1583 1355 Fabius
1609 1316 1737 1354 Maxi-

917 1389 1018 1423 mus,
1034 1377 1098 1430 qui
1114 1385 1267 1428 propter
1280 1385 1456 1414 teneram
1469 1373 1593 1413 adhuc
1604 1372 1733 1424 pueri-

911 1433 1006 1472 tiam
1019 1435 1062 1472 in
1075 1433 1229 1472 civitate
1240 1429 1486 1472 remanserat.
1518 1431 1590 1470 Hic
1603 1428 1736 1480 postea

913 1503 1001 1530 cum
1039 1488 1273 1531 Hannibalis
1308 1490 1500 1542 impetum
1524 1487 1623 1527 ferre
1650 1499 1733 1525 non

914 1545 1036 1600 posset
1052 1576 1061 1593 ,
1076 1560 1185 1586 mora
1199 1560 1290 1587 eum
1303 1546 1410 1586 elusit
1425 1575 1436 1593 ‚
1451 1548 1490 1585 &
1503 1545 1550 1584 ad
1565 1548 1737 1596 Campa-

916 1607 1023 1644 niam
1036 1606 1159 1644 traxit.
1176 1604 1257 1645 Ubi
1269 1603 1417 1643 deliciis
1431 1601 1737 1656 Carthaginien-

913 1660 1007 1702 ssum
1033 1664 1152 1702 virtus
1176 1660 1393 1714 obtorpuit.
1423 1660 1653 1700 Notandum
1681 1658 1734 1700 est

912 1719 960 1759 de
972 1717 1134 1760 secunda
1147 1716 1308 1772 persona
1321 1718 1482 1759 distum.
1520 1719 1592 1756 Ille
1603 1728 1735 1755 autem

911 1775 964 1817 est
979 1807 991 1825 ‚
1019 1777 1068 1817 de
1095 1790 1174 1832 quo
1185 1777 1400 1816 aitEnnius
1417 1804 1430 1823 ,
1459 1782 1557 1817 Unus
1570 1777 1632 1829 qui
1643 1774 1741 1813 nobis

911 1833 1104 1875 cunHando
1117 1835 1269 1888 restituit
1283 1851 1372 1874 rem.
1388 1833 1516 1872 Sciens
1531 1833 1638 1872 enim
1652 1831 1740 1870 Vir-

913 1891 1027 1945 gilius
1052 1891 1152 1947 quasi
1175 1904 1246 1945 pro
1268 1892 1448 1944 exemplo
1473 1889 1575 1930 hunc
1587 1885 1739 1929 versum

917 1947 1057 2002 posuit.
1089 1953 1248 1989 Servius.

974 2007 1188 2061 Qofeffiam
1202 2007 1330 2059 rapitis
1347 2004 1482 2055 Fabii]
1521 2006 1568 2042 In
1587 2006 1740 2042 Roma-

888 2104 891 2109 ·
920 2075 973 2100 no
996 2063 1129 2102 codice
1141 2093 1158 2111 ,
1182 2064 1402 2117 quogreffiaem
1415 2062 1546 2118 rapitis
1561 2057 1738 2100 habetur:

919 2131 961 2158 ut
984 2133 1028 2159 ex
1042 2119 1115 2159 hoc
1127 2121 1245 2159 tacite
1259 2119 1305 2158 ad
1319 2130 1514 2158 trecentos
1529 2119 1619 2157 illos
1633 2117 1742 2158 adlu'-

919 2176 982 2215 dat
996 2205 1008 2222 ,
1023 2189 1101 2215 una
1118 2189 1244 2230 pugna
1256 2176 1467 2215 trucidatos
1482 2191 1491 2215 :
1521 2175 1632 2233 Qs
1644 2187 1739 2214 om-

922 2246 989 2272 nes
1000 2232 1049 2273 ad
1062 2232 1207 2273 bellum
1223 2230 1369 2279 missos,
1384 2244 1425 2272 ut
1434 2233 1534 2286 apud
1548 2231 1739 2271 Ovidium

920 2289 972 2329 est
988 2319 999 2336 ,
1025 2290 1192 2345 Abstulit
1215 2306 1285 2329 una
1299 2290 1389 2330 dies.
1424 2290 1495 2329 Sed
1508 2289 1680 2329 elocutio
1694 2288 1742 2328 il-

920 2348 956 2387 la
972 2375 984 2394 ‚
1012 2353 1151 2402 Rapere
1168 2350 1322 2403 greffizm
1335 2377 1346 2394 ,
1390 2345 1548 2388 insolita
1577 2346 1740 2392 videtur,

921 2403 1118 2460 magisque
1142 2407 1266 2458 placet
1282 2434 1292 2450 ,
1321 2410 1401 2455 ‚Quo
1412 2407 1533 2458 seffum
1545 2406 1675 2459 rapitis
1688 2405 1744 2442 le-

920 2475 1009 2515 gere
1026 2489 1038 2507 ,
1063 2473 1107 2503 ut
1120 2463 1260 2501 variata
1274 2463 1316 2501 in
1331 2463 1524 2501 orationis
1537 2474 1678 2514 genere
1691 2460 1740 2500 fi-

49 2515 146 2558 sum.
191 2517 229 2556 Si
252 2517 336 2571 quis
360 2518 468 2556 enim
493 2516 616 2561 dicar,
637 2514 867 2555 bancalium
919 2518 1233 2574 guraloquendi,
1262 2532 1344 2559 non
1360 2517 1569 2558 Anchisem
1584 2531 1743 2558 tantum

47 2573 159 2614 fuisse
182 2575 467 2614 Cincinnatum
485 2600 499 2620 ,
523 2573 583 2612 vix
604 2572 755 2611 credam
771 2601 782 2619 ‚
810 2584 866 2612 ta.

52 2630 232 2672 centibus
256 2632 348 2671 aliis
377 2631 573 2671 Romanis
599 2628 867 2682 scriptoribus.

920 2578 1037 2630 longa
1060 2590 1105 2616 ea
1129 2578 1419 2616 nomenclatura
1445 2573 1667 2616 delassatum
1681 2576 1742 2614 le-

922 2647 1008 2679 vet,
1047 2646 1178 2674 verum
1205 2635 1327 2674 etiam
1350 2635 1489 2675 lestori
1513 2629 1744 2674 consuluissie

56 2693 252 2730 Caeterum
278 2686 474 2728 occafione
501 2687 610 2735 hujus
636 2684 779 2740 poss'em
803 2700 867 2727 ex·
925 2691 1110 2731 videatur.
1143 2694 1299 2731 Pierius.

51 2759 199 2786 currere
222 2745 270 2784 ad
298 2745 536 2800 loquendum
574 2744 620 2782 dc
647 2744 714 2783 hac
736 2757 866 2784 rernm

982 2753 1064 2804 Qo
1085 2750 1218 2802 seffitm
1246 2751 1375 2803 rapitis
1401 2749 1547 2800 Fabii.]
1583 2750 1743 2788 Plautus

50 2802 272 2857 frugalitate
309 2832 322 2849 ,
367 2814 528 2841 vocante
555 2815 617 2840 me
653 2801 870 2850 occasione,
927 2805 1110 2845 Menaech.
1142 2807 1742 2862 Qorapitirmssquofhreismess

53 2871 144 2900 cum
171 2860 270 2900 olim
295 2873 405 2910 agros
420 2856 700 2898 honestillimus
713 2855 869 2913 quisque
926 2863 1068 2902 Cerda.

53 2919 212 2957 coleret.
246 2909 328 2958 Sed.
344 2929 385 2957 tu
408 2918 491 2970 lege
502 2928 614 2955 aurea
631 2917 745 2956 Plinii
761 2915 871 2956 verba

985 2920 1127 2969 Fabii]
1145 2917 1350 2958 Fabiorum
1365 2919 1512 2959 familia
1522 2918 1570 2961 ab
1583 2919 1748 2961 Hercule

54 2974 282 3031 lib.18.c.3.
315 2974 662 3013 Columellamlib.
685 2986 717 3013 r.
743 2975 796 3012 rei
813 2986 872 3013 ru-
896 2993 902 3012 s
930 2975 998 3017 kst.
1030 2981 1178 3016 Horum
1194 2980 1275 3016 CC
1293 2979 1371 3017 CV
1387 2981 1417 3015 1.
1436 2977 1562 3030 (uno,
1588 2989 1748 3031 propter

57 3031 156 3072 stica:
180 3033 221 3071 in
235 3031 476 3085 praefatione.
509 3030 779 3083 Symmachum
795 3033 817 3070 l.
835 3045 871 3078 7.

55 3087 166 3141 epist.
184 3103 243 3139 15.
273 3088 423 3142 Qibus
446 3087 610 3141 adiunge
624 3089 752 3128 locum
769 3087 860 3128 Sido

62 3147 120 3188 nii
145 3148 224 3200 jam
238 3146 451 3187 indicatum
468 3173 482 3194 ‚
510 3147 548 3185 &
566 3144 688 3186 versus
701 3144 790 3186 istos
803 3150 878 3186 Lu-

929 3046 1103 3073 teneram
1118 3034 1240 3073 adbuc
1252 3035 1457 3086 pueritiam
1470 3035 1580 3076 domi
1592 3035 1753 3090 relisto)

937 3093 977 3131 in
1018 3091 1122 3131 bello
1160 3102 1295 3130 contra
1321 3093 1502 3135 Veientes
1524 3093 1571 3133 ad
1597 3093 1758 3134 fluvium

943 3152 1175 3189 Cremeram
1191 3161 1272 3189 uno
1288 3149 1417 3200 ptaelio
1430 3163 1473 3190 ex
1487 3149 1634 3192 insidiis
1645 3151 1770 3190 inter-

1248 3211 1283 3246 A
1299 3218 1319 3245 a
1333 3218 1353 3245 a
1367 3218 1387 3246 a
1415 3221 1443 3259 4
1672 3205 1765 3248 feffi
