2037 3787
486 131 962 198 AEnsstnos
1047 141 1308 207 LingL'
1651 113 1750 226 1'19

181 246 231 300 It
245 257 384 296 mare
401 252 707 314 proruptum
725 275 742 302 ,
777 242 832 294 δε
849 238 1037 318 pelago
1050 242 1243 316 premit
1257 264 1374 302 arva
1390 241 1615 308 sonanti.

153 316 286 386 ‘Hic
302 338 479 378 tamen
492 318 580 376 ille
596 317 779 379 urbem
797 321 1007 392 Patavi,
1041 322 1292 405 sedesque
1306 328 1502 386 locavit

1587 414 1739 469 Teu-

973 505 1137 562 Pelago.]
1165 509 1365 562 Aquarum
1376 505 1626 549 abundantia.
1654 515 1741 550 Ser—

915 577 1008 601 vlu!-

975 621 1164 673 Premit.]
1206 620 1443 675 Populatur‚
1471 619 1602 662 vastat.
1637 626 1735 663 Sane

915 676 1054 722 multi,
1082 683 1229 717 lemare
1239 690 1467 734 proruptum,
1506 682 1554 717 Et
1570 706 1583 726 ,
1609 683 1736 736 Pelago

906 736 1040 784 premit
1063 749 1156 772 arva
1169 737 1317 786 sbnanti
1330 763 1341 781 ,
1370 734 1441 775 hoc
1464 735 1637 790 intelligi
1665 749 1739 776 vo*

912 789 999 828 lunt
1015 802 1025 826 ε
1041 789 1145 844 quod
1161 801 1267 830 tanta
1280 792 1333 832 est
1364 793 1405 832 in
1419 792 1497 832 iliis
1510 792 1736 833 locisacces-

910 841 947 882 sa
960 872 972 891 ,
988 859 1068 899 quae
1081 845 1219 886 dicitur
1229 860 1336 887 mare
1351 876 1362 895 ‚
1377 860 1419 889 ut
1432 862 1496 902 per
1510 863 1577 889 ora
1591 851 1731 890 Tima-

910 902 963 947 vi,
978 903 1019 942 id
1031 903 1099 949 est,
1122 901 1238 958 usque
1251 905 1298 944 ad
1311 905 1472 946 initium
1484 906 1607 947 fontis
1620 936 1632 956 ‚
1647 921 1734 948 ma-

906 971 948 998 re
973 956 1163 1000 ascendat.
1195 961 1295 1001 unde
1308 964 1362 1002 ait
1378 990 1392 1010 ‚
1420 970 1456 1003 lt
1489 980 1589 1005 mare
1605 979 1734 1021 proru-

900 1028 1004 1070 ptum
1018 1020 1197 1075 &pelago
1206 1023 1338 1073 premit
1350 1035 1443 1060 arva
1455 1048 1470 1067 ,
1486 1020 1525 1060 id
1538 1020 1591 1062 est
1604 1051 1616 1069 ,
1630 1036 1729 1078 aqua

907 1074 1024 1114 maris
1038 1087 1189 1128 premat
1200 1088 1289 1116 arva
1305 1105 1317 1123 ,
1334 1074 1408 1116 hoc
1418 1076 1491 1126 est,
1502 1079 1616 1119 litora
1632 1081 1727 1120 vici·—

906 1133 1178 1186 nacooperiat.
1208 1133 1516 1174 Constatautetn
1533 1137 1571 1175 ἃ
1587 1137 1630 1176 in
1656 1138 1733 1176 illo

901 1187 992 1227 loco
1025 1189 1163 1230 accessa
1187 1191 1305 1230 maris
1329 1188 1446 1246 usque
1469 1191 1518 1232 ad
1543 1206 1725 1235 montem

901 1247 1105 1297 pervenire
1118 1276 1131 1295 ,
1160 1249 1200 1288 δε
1223 1261 1289 1302 per
1302 1262 1422 1289 omne
1433 1249 1525 1289 litus
1539 1251 1725 1291 Venetia-

899 1314 986 1342 rum
1012 1317 1117 1345 mare
1139 1307 1252 1345 certis
1278 1305 1384 1346 horis
1415 1306 1645 1348 &accedere
1655 1321 1723 1362 per

898 1358 1101 1402 infinitum
1116 1392 1128 1409 ,
1155 1364 1196 1403 &
1221 1363 1408 1404 recedere.
1443 1364 1632 1404 Timavus
1656 1378 1725 1405 au-

898 1426 980 1456 tem
996 1419 1037 1458 in
1058 1419 1197 1460 Histria
1210 1419 1264 1459 est
1279 1447 1295 1469 ,
1321 1422 1424 1461 inter
1438 1423 1665 1478 Aquileiam
1679 1425 1720 1464 Sc

896 1474 1137 1529 Tergestum.
1168 1478 1281 1517 Idem.
1491 1481 1493 1484 '

955 1545 1047 1584 247.
1084 1535 1190 1588 Hic.]
1221 1534 1399 1575 Proillic.
1429 1534 1545 1575 Idem.

957 1593 1135 1644 Tamum]
1168 1592 1214 1633 1d
1225 1591 1279 1632 est
1291 1620 1303 1639 ,
1314 1592 1440 1632 etiam
1452 1593 1496 1631 in
1508 1593 1599 1633 loco
1611 1590 1719 1634 diffi-

889 1644 966 1684 cili.
1001 1647 1119 1688 Idem.

953 1705 1083 1745 Urbem
1109 1705 1283 1758 Patavi]
1308 1708 1394 1746 Hoc
1418 1704 1472 1746 est
1495 1705 1719 1746 Patavium.

894 1771 927 1799 a.
945 1760 982 1800 d.
998 1775 1032 1801 u.
1050 1760 1171 1817 {post
1195 1775 1344 1803 vocem.
1372 1761 1473 1817 quasi
1499 1764 1714 1810 Patavium,

894 1819 951 1858 vel
966 1818 1039 1858 Xm*
1052 1819 1084 1861 ἲ
1099 1819 1244 1872 πέπιθς
1257 1849 1271 1867 ,
1297 1821 1417 1875 quod,
1429 1830 1586 1873 captato
1596 1833 1715 1875 augu-

893 1875 976 1924 rio,
989 1877 1127 1919 dicitur
1141 1878 1300 1919 condita
1312 1906 1323 1923 ,
1339 1880 1400 1919 vel
1414 1878 1518 1933 quod
1530 1891 1640 1918 avem
1656 1889 1717 1919 te-

893 1933 936 1971 lo
948 1932 1082 1986 petisse
1096 1936 1236 1976 dicitur
1251 1964 1263 1983 ,
1279 1937 1319 1975 δε
1332 1948 1382 1974 eo
1394 1936 1484 1974 loco
1494 1935 1712 1976 condidiffe

891 1991 1107 2032 civitatem.
1141 1992 1223 2033 Alii
1247 1990 1269 2033 Ξ
1294 1992 1429 2046 palude
1442 1994 1577 2032 Patina
1592 2021 1605 2041 ‚
1631 2005 1714 2049 qua:

897 2048 1021 2088 vicina
1034 2050 1183 2090 civitati
1195 2048 1305 2091 fuiffe
1317 2049 1458 2090 dicitur
1474 2078 1487 2097 ,
1509 2051 1712 2092 Patavium

896 2105 1041 2146 distam
1064 2119 1215 2161 putant.
1248 2112 1346 2147 Sane
1370 2108 1712 2150 Pataviminorem

895 2165 1148 2206 nominativo
1170 2165 1387 2219 genitivum
1397 2164 1490 2206 fecit
1504 2193 1521 2214 ,
1543 2179 1631 2206 curn
1645 2178 1713 2220 ge-

895 2221 1043 2262 nitivus
1077 2236 1276 2277 nunquam
1313 2224 1510 2275 pauciores
1548 2221 1712 2278 syllabas

897 2279 1148 2321 nominativo
1170 2279 1238 2319 suo
1253 2278 1392 2320 habete
1404 2279 1542 2320 debeat
1554 2308 1570 2329 ,
1597 2288 1710 2321 Pata·

896 2339 993 2375 vium
1005 2339 1113 2377 enirn
1129 2340 1282 2379 Patavii
1292 2336 1397 2376 facit.
1429 2339 1543 2377 idem.

957 2397 1143 2448 Patavi]
1174 2396 1292 2435 Variae
1316 2394 1475 2448 quidem
1488 2394 1594 2434 fuere
1607 2393 1708 2434 olim

898 2452 1257 2491 Grammaticorum
1280 2447 1481 2492 sententiae
1504 2449 1613 2504 super
1626 2453 1711 2501 ejus

891 2507 1056 2556 genitivi
1080 2505 1312 2560 scriptione,
1340 2509 1404 2563 qui
1428 2509 1709 2551 declinationis

893 2559 1062 2603 secundae
1086 2566 1242 2604 ratione
1268 2592 1280 2611 ,
1317 2566 1359 2604 in
1395 2568 1422 2604 ii
1458 2567 1707 2619 geminatum

893 2621 1089 2660 enuntiari
1118 2621 1248 2661 debet·
1283 2624 1414 2678 Neque
1438 2621 1539 2675 ipsos
1552 2635 1705 2664 tentum

895 2680 1181 2719 Grammaticos
1214 2677 1360 2719 diversa
1384 2681 1426 2720 in
1455 2680 1529 2721 hoc
1550 2679 1711 2722 sentire:-

888 2730 954 2774 sed
976 2737 1070 2776 alias
1093 2749 1207 2791 azque
1229 2738 1321 2776 alias
1345 2738 1708 2779 aetatesmodofim-

889 2792 978 2844 plici
993 2821 1004 2839 ,
1020 2794 1141 2834 modo
1152 2795 1352 2849 geminato
1362 2792 1584 2849 scriptitasse
1596 2810 1706 2836 com-

890 2850 1008 2900 perio.
1057 2856 1154 2891 Sane
1178 2848 1393 2892 Priscianus
1418 2854 1472 2892 ait
1492 2865 1640 2893 veteres
1665 2855 1711 2894 in*

894 2905 1112 2954 huiusmodi
1144 2909 1342 2963 genitiviS,
1356 2910 1649 2962 geminantibus
1662 2915 1705 2958 ii,

891 2962 1123 3019 frequenter
1159 2964 1292 3005 solitos
1314 2968 1475 3007 alterum
1503 2969 1606 3008 exiis
1619 2966 1707 3008 sub·

889 3021 1040 3061 trahere
1054 3052 1066 3069 ‚
1091 3023 1308 3078 virgiliano
1321 3024 1412 3063 hinc
1423 3027 1600 3078 exemplo
1613 3027 1707 3065 cita-

889 3091 930 3118 to
944 3107 956 3126 ,
985 3083 1054 3121 Hic
1076 3093 1195 3120 tamen
1216 3080 1276 3120 ille
1297 3081 1416 3121 urbem
1443 3086 1585 3123 Patavi.
1618 3096 1707 3136 per·

891 3136 984 3177 inde
1012 3151 1056 3177 ac
1080 3139 1148 3178 illa
1173 3138 1292 3178 ctiam
1308 3166 1319 3184 ‚
1359 3147 1434 3183 Nec
1458 3157 1544 3181 eum
1563 3145 1677 3198 peculi
1692 3168 1704 3187 ,

1239 3198 1277 3234 H
1305 3209 1331 3246 4
1590 3212 1715 3253 neque

52 516 188 553 mum,
212 501 282 546 lib.
314 507 374 543 De
395 501 535 544 therm.
559 513 625 557 aq.
652 503 692 542 δε
718 503 863 544 metali,

3 584 9 591 “
51 567 261 604 Germanus.

110 617 216 674 Vasta
240 633 318 659 cum
340 632 518 658 murmure
540 617 707 669 montis]
736 619 863 656 Tanta

49 684 87 716 vi
101 688 181 716 exit
192 689 236 716 tn
248 687 355 716 mate
368 702 380 721 ,
393 685 436 714 ut
446 685 565 713 etiam
579 686 728 713 vicinus
744 688 862 714 mons

45 731 240 787 personet.
269 729 453 785 superiUS,
467 731 533 771 Illi
545 731 772 786 indignantes
785 748 861 771 ma-

39 806 109 847 gno
131 805 207 831 cum
231 804 408 830 murmure
418 791 547 829 montis
560 791 699 830 circum
712 788 860 843 claustra

36 851 208 903 firmant.
239 847 405 888 servius.

103 904 207 961 Wsto
228 920 306 945 cum
318 918 492 944 murmure
504 902 671 954 montis]
699 906 755 942 Ut
765 900 856 941 fons

43 958 129 1002 solo
154 960 342 1002 vocabulo
358 989 370 1007 ‚
395 972 526 1000 revera
551 956 856 999 suiabundantia

39 1017 207 1072 interris
220 1019 344 1073 pelagi
354 1017 493 1058 faciem
505 1016 740 1057 ostenderet.
770 1020 855 1056 Re-

40 1087 128 1130 pete
138 1089 249 1131 ergo,
261 1076 392 1129 potuit
402 1073 522 1115 hostis
534 1072 712 1120 evadere,
726 1073 855 1125 potuit

38 1145 242 1187 penetrare
255 1149 265 1173 :
277 1132 303 1173 fi
314 1133 380 1173 ille
392 1131 520 1186 potuit
542 1127 715 1183 superare
723 1129 856 1169 fontes

40 1191 209 1233 Timavi.
236 1191 321 1238 Hic,
337 1187 479 1230 scilicet
490 1187 531 1226 in
543 1185 769 1240 regionibus
782 1187 853 1226 ho-

39 1245 187 1289 stilibus
198 1251 239 1289 ἃ.
255 1260 322 1301 per
331 1259 470 1287 omnes
482 1242 854 1298 difficultatesAErgo

39 1317 161 1345 unum
183 1303 410 1346 adverbium
433 1305 476 1342 ὅ(
501 1314 724 1355 pronomen
737 1315 852 1356 grave

34 1362 188 1416 pondus
197 1361 327 1404 dolori
337 1361 488 1408 adjecit.
529 1360 603 1400 Ille
615 1358 782 1399 minoris
793 1359 853 1399 di-

36 1419 198 1473 gnitatis
209 1449 222 1467 ,
237 1432 301 1459 cur
312 1429 467 1458 tantum
478 1416 677 1458 felicitatis
689 1416 848 1470 adeptus

35 1475 109 1524 est,
121 1488 163 1517 ut
173 1488 276 1517 tutus
291 1474 603 1522 tranfierit‚tutus
615 1477 849 1527 pervenerit,

33 1542 138 1573 tutus
151 1533 286 1575 urbem
302 1531 377 1573 suis
393 1531 634 1579 condiderit,
655 1542 757 1572 tutus
776 1545 849 1571 no-

37 1592 146 1631 mine
155 1593 331 1641 Trojano
345 1591 503 1630 vocitari
519 1589 722 1643 indigenas
744 1588 847 1629 fece-

35 1648 89 1688 rit
103 1676 116 1694 ,
129 1659 233 1689 tutus
245 1661 351 1687 arma
361 1649 534 1698 Trojana
550 1676 561 1691 ,
576 1647 615 1685 id
629 1646 681 1686 est
696 1675 708 1692 ,
725 1647 844 1696 vista,

31 1704 76 1746 in
99 1718 236 1745 eorum
260 1704 430 1759 partibus
450 1704 600 1746 fixerit?
642 1717 740 1759 quos
761 1717 844 1744 non

34 1761 183 1804 constat
195 1763 359 1803 victores
367 1760 488 1802 fuiss‘e.
519 1768 685 1802 Donatus
694 1793 703 1802 ,

89 1827 161 1862 Per
182 1822 276 1873 orm]
304 1817 434 1875 Usque
455 1820 505 1859 ad
527 1820 687 1860 initium
701 1818 844 1868 fontis,

33 1874 108 1917 hoc
129 1876 182 1918 est
198 1905 212 1925 ‚
233 1874 348 1932 usque
370 1877 418 1916 ad
430 1888 635 1916 montem:
660 1878 846 1918 Timavus

30 1944 161 1976 autem
185 1935 228 1974 in
253 1934 392 1974 Histria
402 1933 478 1981 est,
504 1935 608 1975 inter
622 1936 842 1991 Aquileiam

35 1990 319 2046 &Tergistum.
349 1995 508 2033 servius.

91 2051 185 2100 246.
218 2056 336 2090 Mare.
354 2050 372 2101 ]
415 2053 452 2087 It
488 2047 588 2104 quafi
616 2059 843 2103 proruptum

32 2117 153 2146 mare.
187 2109 307 2145 Amat
332 2101 457 2159 poeta‘
472 2120 553 2147 rem
581 2106 743 2147 historiae
768 2120 846 2147 car-

33 2163 135 2202 mini
159 2160 224 2202 sno
234 2164 483 2217 conjungere.
512 2161 633 2205 Varro
644 2176 773 2204 autem
790 2165 846 2204 di-

32 2221 87 2259 cit
100 2219 201 2259 hunc
212 2220 369 2261 fluvium
381 2238 479 2262 mare
495 2220 546 2262 ab
560 2222 700 2263 incolis
715 2223 846 2263 nomi·

33 2277 134 2317 nari.
167 2277 284 2316 Idem.

92 2338 312 2389 Proruptum.
328 2334 346 2384 J
407 2338 488 2375 Aut
525 2334 632 2375 idem
679 2333 842 2376 effusum

31 2388 168 2429 fluens.
211 2394 260 2430 Et
296 2390 435 2430 melius
451 2404 657 2446 proruptum
674 2420 685 2438 ,
727 2406 841 2446 quam

27 2459 272 2500 ptaeruptum·
306 2451 409 2487 Bene
432 2460 561 2488 autem
574 2448 735 2495 definit,
753 2450 845 2503 quid

29 2502 86 2543 cst
112 2505 237 2558 largus
248 2503 366 2550 fons‘‚
391 2503 557 2544 solutum
574 2518 694 2545 mare.
728 2506 839 2547 Idem.

82 2562 328 2617 Promptum]
341 2561 756 2602 Notat‘rumebuslib.
777 2577 837 2616 30.

27 2628 62 2657 e.
81 2630 145 2671 19.
161 2621 357 2675 Prorumpit
371 2626 422 2664 (φ
434 2622 594 2674 Erumpit
609 2648 619 2664 ‚
633 2617 724 2673 saepe
738 2624 841 2662 Neu-

26 2683 177 2715 ttorum
215 2676 420 2716 verborum
443 2675 726 2731 significatione
749 2680 839 2718 trita

28 2727 221 2786 usurpari:
259 2738 465 2774 Maronem
492 2745 652 2782 tamen,
677 2744 716 2777 lt
742 2753 838 2777 mare

23 2801 228 2846 proruptum
241 2788 370 2830 dixisse
384 2804 394 2829 ε
406 2802 448 2831 ut
462 2797 611 2832 Lucret.

82 2865 159 2877 —-
185 2846 267 2887 hinc
274 2853 509 2905 prorumpitur
519 2853 556 2889 in
570 2864 667 2889 mare
678 2852 782 2889 ‘aemi

53 2903 122 2942 Vbs
150 2923 226 2934 -—-

27 2961 80 3000 Et
94 2959 180 2998 Cic.
199 2960 223 2999 l.
244 2959 310 3000 16.
323 2973 384 3014 ep.
401 2960 449 3001 ad
466 2962 641 3005 Atticum
658 2976 694 3017 3.
729 2971 787 3007 Ne
799 2966 838 3003 in

24 3028 80 3054 me
93 3014 311 3069 stamachum
334 3031 518 3073 erumpant
532 3048 542 3064 ‚
575 3038 654 3061 cum
670 3020 748 3072 sint
770 3023 841 3062 tic-i

17 3072 309 3170 ssatiss&Luoen·
317 3077 614 3134 Exagitatasorm
627 3096 682 3121 eru
689 3081 833 3135 mpitur.

59 3141 104 3171 au
136 3144 189 3179 m,
