2037 3787
444 149 910 205 AENsstnos

996 147 1161 204 Lm.
1204 146 1340 206 111.
1606 147 1728 223 487

162 250 332 307 Terra
348 247 528 328 procul
545 244 693 304 vastis
710 246 898 302 colitur
915 246 1183 303 Mavortia
1198 265 1310 300 cam
1315 244 1392 324 pis
1407 281 1427 310 ‚

33 456 214 499 Minerva
227 487 242 507 ,
256 457 464 498 Mercurius
484 470 494 495 τ
521 457 586 512 qui
602 461 737 498 Romae
747 456 844 496 cole-

34 513 188 555 bantur.
211 519 372 555 Penates
386 528 477 554 vero
490 517 584 568 apud
601 521 762 555 Laurum
779 519 849 553 La-

33 572 200 612 vinium.
242 573 356 613 Unde
366 585 520 626 apparet
534 586 613 611 non
627 570 699 611 esse
712 584 846 612 unum.

33 628 146 668 Idem
171 634 291 670 Varro
318 631 357 668 &
380 630 447 668 alii
469 632 684 683 complures
709 645 850 684 magnos

30 686 112 726 cleos
132 685 341 726 adfirmant
364 685 583 726 fimulachra
608 686 687 727 duo
711 687 849 731 virilia,

34 741 210 782 Castoris
234 746 273 782 ὅ(
298 744 463 783 Pollucis
476 772 492 793 ‚
522 744 566 783 in
591 743 850 783 samothracia

31 810 123 839 ante
133 812 289 852 portum
300 799 521 856 fita‚quibus
534 799 728 854 naufragio
739 801 838 841 libe-

33 856 109 897 tati
123 868 209 897 vota
223 854 434 898 solvebant.
466 861 626 898 Servius.

92 916 281 955 Penatibus
295 942 307 960 ,
322 924 373 959 <⁷9⁴
385 918 523 970 magnis
536 914 631 968 dis]
661 914 845 962 Coniun-

35 982 136 1025 gunt
159 972 278 1026 aliqui
293 971 366 1010 hoc
377 985 607 1026 argumento
621 999 637 1020 ‚
661 971 766 1027 quod
779 973 849 1009 Pe-

37 1039 145 1068 nates
159 1028 374 1068 dicerentur
393 1028 657 1082 θεοὶμεμίλοι.
692 1027 848 1085 Qam-

36 1086 94 1125 vis
108 1085 179 1124 hoc
195 1085 237 1125 fit
251 1099 382 1125 verum
395 1115 407 1133 ‚
435 1084 498 1126 sed
512 1087 609 1126 nibil
622 1082 753 1125 suadet
765 1111 780 1132 ,
805 1095 845 1123 ut

38 1141 113 1182 hoc
135 1142 330 1182 credamus
358 1157 367 1182 :
396 1144 480 1183 imo
505 1141 690 1183 diffundet
713 1143 845 1187 Po'e'ta,

36 1202 103 1253 qui
139 1201 308 1239 inaniter
330 1201 492 1240 eandem
507 1213 588 1239 rem
602 1199 663 1238 bis
685 1198 843 1239 diceret.

38 1261 139 1309 Ergo
153 1255 214 1296 hic
224 1259 343 1312 magni
355 1259 422 1296 Dii
444 1254 530 1296 sunt
543 1257 717 1313 Juppiter
731 1284 742 1300 ‚
770 1257 846 1294 Ne-

37 1324 193 1366 ptunus,
207 1314 372 1365 Apollo,
385 1315 573 1354 Vulcanus
586 1342 597 1359 ‚
613 1318 719 1371 Juno
732 1341 745 1360 ‚
759 1312 845 1352 alii-

36 1384 110 1426 que
125 1367 352 1420 hujusmodi.
386 1383 477 1409 nam
492 1383 527 1411 2.
545 1376 638 1410 ΕΠ.

65 1433 260 1481 Apparene
272 1426 363 1466 dira·
360 1430 477 1476 facies
489 1455 501 1474 ‚
513 1431 727 1484 inimicaque
738 1431 846 1482 Trojae

63 1487 222 1524 Numina
237 1500 362 1538 magna
378 1483 508 1524 Defim.

37 1545 83 1581 Et
98 1553 189 1579 mox
198 1553 485 1580 commemorat
497 1545 718 1594 Neptunum
733 1569 745 1587 ,
772 1545 847 1597 Ju-

35 1610 184 1638 nonem
200 1626 210 1642 ‚
226 1597 430 1647 *Palladem
444 1627 456 1645 ,
469 1598 639 1653 aliosque
652 1595 846 1647 huiusmo-

34 1654 88 1694 di.
123 1653 270 1693 Eodem
286 1654 395 1694 traho
409 1653 555 1696 versum
567 1656 693 1702 illurn,¹

59 1715 218 1753 Numina
232 1728 358 1768 magna
370 1725 473 1753 vocat
487 1740 501 1760 ,
524 1716 727 1769 meritosque
739 1712 841 1752 indi-

178 1772 225 1807 cit
237 1770 389 1809 honores.

35 1827 138 1865 Item
153 1825 264 1865 illum
282 1838 346 1866 12.

62 1888 139 1922 Hoc
163 1883 266 1923 habet
280 1911 292 1929 ,
317 1882 388 1921 haec
399 1883 516 1922 melior
527 1883 665 1937 magnis
677 1882 767 1922 data
779 1884 844 1922 vi-

177 1942 283 1979 Hima
293 1941 419 1980 Diwsss.

36 1996 170 2049 Neque
193 1998 302 2035 enim
331 1996 387 2035 his
412 1995 574 2036 versibus
597 1996 672 2036 ulla
688 1994 843 2048 neceffiss

35 2061 106 2098 tas,
139 2065 180 2092 ut
193 2057 359 2106 Magnos
373 2059 477 2093 Deos
489 2083 501 2100 ‚
515 2054 554 2093 id
568 2053 620 2093 est
637 2081 649 2098 ‚
666 2056 842 2099 Penates,

33 2107 308 2161 intelligamus,
356 2115 526 2150 nemum
561 2107 585 2150 ἒ.
621 2123 686 2150 me
709 2123 843 2150 contra

1524 321 1723 397 (Thra-

909 467 976 495 nes
999 456 1065 497 Dii
1080 468 1267 498 ornantur
1281 455 1355 496 hoc
1365 453 1536 509 epitheto
1553 455 1714 498 zaneto.

905 525 991 553 cum
1010 516 1073 554 Dii
1091 517 1284 561 majorum
1298 515 1473 568 gentium
1489 510 1716 565 intelligun-

905 581 965 610 tur
979 599 994 619 ,
1009 573 1048 610 ἃ
1063 572 1102 610 hi
1113 570 1203 611 sunt
1216 572 1419 613 duodecim
1431 571 1488 610 illi
1501 570 1620 609 Ennii
1634 580 1717 607 ver-

904 627 1000 668 sibus
1013 628 1145 669 inclusi
1161 631 1316 678 nertio,
1326 641 1414 668 cum
1430 629 1521 668 Divi
1536 635 1718 680 potentes

904 683 1162 737 significantur
1177 713 1192 734 ‚
1218 685 1372 725 άὶινειπέ·
1386 684 1490 730 θεοὶ,
1515 683 1717 739 dequibus

906 742 958 780 ita
972 742 1172 783 Varrolib.
1184 756 1225 795 4.
1238 744 1355 797 Ling.
1371 748 1451 781 Lat.
1467 748 1539 797 Ops
1556 769 1567 785 ‚
1580 748 1633 786 (y
1645 746 1714 778 Sa-

903 810 1024 838 turnua
1038 828 1050 846 ‚
1075 799 1114 838 id
1126 800 1179 839 eff
1192 828 1204 846 ,
1233 805 1363 841 Coelum
1375 827 1387 847 ,
1415 806 1468 844 Θ
1481 807 1591 840 Terra
1605 825 1622 846 ,
1645 797 1714 836 Dii

907 858 1049 910 Magni.
1077 856 1216 896 Cerda.

963 915 1053 964 Cum
1064 915 1185 964 ficiis,
1200 913 1390 954 Penatibus
1404 940 1416 959 ,
1440 918 1521 956 &a
1542 911 1560 964 ]
1601 912 1715 950 Socios

903 970 1086 1009 nominat
1106 997 1124 1019 ‚
1165 983 1328 1025 quorum
1351 981 1484 1009 tamen
1511 974 1595 1009 Dux
1616 977 1716 1006 erat.

901 1026 1006 1079 quod
1019 1027 1119 1067 mire
1129 1026 1222 1067 facit
1233 1028 1280 1067 ad
1292 1026 1625 1067 benevolentiam.
1638 1023 1712 1068 vi-

902 1085 949 1122 de
969 1096 1000 1122 r.
1018 1088 1107 1124 AEn.

931 1142 1050 1192 Osbcii
1063 1169 1077 1190 ,
1090 1157 1196 1195 neque
1208 1142 1303 1181 enim
1315 1141 1448 1196 ignari.
1481 1139 1554 1179 δίε.

901 1199 980 1236 Cur
992 1208 1122 1237 autem
1135 1201 1287 1238 Patrem
1300 1197 1444 1238 tacuit?
1462 1192 1626 1236 Causam
1641 1205 1710 1249 pu-

900 1263 956 1292 tat
981 1256 1156 1305 Servius,
1184 1254 1289 1308 quod
1317 1255 1350 1294 is
1371 1254 1418 1293 ad
1447 1252 1601 1294 Italiam
1625 1264 1709 1291 non

897 1314 1111 1363 pervenerit
1126 1327 1136 1350 τ
1162 1317 1344 1352 Donatus
1358 1340 1369 1355 ‚
1383 1310 1487 1365 quod
1503 1313 1610 1348 Pater
1621 1321 1710 1347 mo-

899 1367 975 1415 do,
1008 1381 1048 1409 ut
1073 1368 1288 1417 solverent,
1314 1368 1581 1422 imperaverit.
1615 1368 1707 1422 Jatn

898 1424 946 1464 de
971 1428 1158 1466 Penatibus
1186 1427 1227 1466 &
1239 1429 1375 1482 magnis
1387 1426 1458 1465 diis
1472 1423 1633 1464 mirifice
1646 1433 1710 1467 vd-

899 1483 1000 1522 riant
1013 1485 1198 1524 austores.
1225 1480 1450 1523 Consulatis
1462 1482 1612 1522 interca
1622 1483 1711 1519 Ma-

894 1539 1003 1580 crob.
1016 1540 1085 1581 lib.
1107 1557 1142 1592 ³·
1158 1554 1242 1592 c.4.
1257 1545 1406 1580 Saturn.
1438 1540 1478 1578 &
1495 1536 1709 1579 Alexandr.

896 1598 921 1634 l.
941 1598 981 1638 6.
1007 1611 1039 1637 c.
1052 1612 1090 1650 4.
1123 1595 1327 1639 Turnebus
1348 1595 1416 1637 lib.
1437 1608 1543 1646 15.c.
1562 1609 1627 1636 21.
1653 1593 1703 1634 ad

898 1653 998 1693 hunc
1009 1656 1137 1694 locum
1154 1673 1164 1702 ;
1189 1661 1338 1707 Magnos
1351 1685 1364 1703 ,
1387 1653 1540 1708 inquit,
1555 1653 1636 1692 deos
1649 1677 1664 1699 ‚
1677 1647 1701 1691 Ξ
1716 1705 1721 1709 .

897 1711 1103 1752 Penatibus
1139 1711 1306 1753 diversos
1327 1710 1419 1750 facit
1443 1714 1556 1749 Maro
1582 1721 1596 1755 3
1638 1706 1705 1748 etfi

898 1769 1011 1808 multi
1045 1769 1207 1809 eosdem
1241 1766 1411 1809 censent.
1455 1767 1526 1806 Sed
1553 1774 1709 1807 Penates

894 1823 999 1865 fuisse
1025 1827 1202 1867 videntur
1226 1827 1282 1866 dii
1304 1825 1545 1880 penetrales,
1573 1823 1708 1878 diique

895 1880 1063 1923 familiae.
1097 1887 1163 1923 Dii
1172 1887 1305 1938 magni,
1322 1883 1393 1928 illi,
1407 1882 1473 1936 qui
1485 1882 1703 1920 maximum

896 1942 1108 1992 Imperium
1119 1953 1162 1981 ac
1173 1937 1321 1982 numen
1337 1940 1480 1979 habent
1493 1966 1506 1984 ‚
1533 1937 1705 1991 publice-

896 2010 967 2051 que
981 2000 1160 2038 coluntur
1173 2026 1186 2047 ‚
1211 2011 1252 2039 ut
1265 1998 1441 2056 Juppiter
1455 2023 1470 2044 ,
1485 2000 1608 2052 Juno‚
1622 1994 1705 2035 Mi-

898 2066 1011 2093 nerva
1024 2083 1039 2104 ‚
1054 2057 1261 2095 Mercurius
1277 2085 1288 2102 ‚
1303 2057 1373 2095 &e
1409 2058 1557 2094 Taubm.

957 2125 1020 2162 ¹3-
1046 2119 1153 2153 Terra
1183 2112 1308 2170 procul-
1327 2113 1343 2164 ]
1385 2113 1507 2152 Procul
1525 2108 1579 2148 est
1602 2104 1707 2162 quast

34 2168 249 2206 nonnullos
283 2169 511 2219 interpretes
531 2166 734 2207 Turnebus
761 2167 814 2206 est
826 2196 843 2217 ‚
869 2189 875 2218 2
889 2181 986 2221 porro
999 2171 1042 2209 ab
1053 2172 1167 2210 oculis.
1197 2169 1313 2210 unde
1325 2168 1447 2223 potest
1461 2166 1705 2221 &fiztislonge

34 2222 100 2275 qui
115 2222 181 2261 lib.
201 2237 260 2273 15.
276 2235 309 2262 e.
323 2237 344 2265 2
357 2237 390 2264 r.
404 2225 592 2276 explicans
605 2222 753 2264 versum
772 2253 784 2272 ‚
797 2226 839 2263 in

35 2292 114 2333 quo
127 2277 206 2319 sum
221 2309 232 2327 ,
256 2279 304 2319 fic
315 2281 368 2320 ait
385 2295 395 2318 ε
423 2298 566 2336 magnos
581 2288 675 2321 Deos
687 2281 709 2318 d
726 2289 841 2320 Pena·

34 2338 131 2376 tibus
154 2338 310 2390 diveefis
320 2341 418 2388 facit
431 2344 534 2377 Metro
549 2366 560 2382 ‚
585 2339 648 2388 etfi
661 2342 762 2377 multi
774 2341 844 2391 eosl

39 2393 121 2433 dem
145 2398 279 2448 cenfi’nt
295 2412 308 2434 .·
322 2395 390 2447 fini
414 2402 564 2434 Penates
579 2398 847 2449 Diipenetra!es

34 2450 206 2490 videntur
205 2453 316 2506 fuisse
329 2480 340 2497 ,
356 2454 644 2506 Diiquefitmiliae
658 2470 670 2493 :
687 2456 756 2492 Dii
767 2469 846 2492 ma-

29 2523 96 2563 gnr
109 2507 165 2547 illi
177 2537 188 2555 ,
202 2512 262 2564 qui
273 2512 465 2548 maximum
478 2511 660 2561 imperium
674 2537 685 2555 ,
701 2516 754 2554 (y
766 2515 845 2551 Nu-

893 2224 1099 2277 fignificare
1115 2242 1124 2266 :
1151 2228 1191 2266 &
1215 2244 1281 2267 non
1303 2227 1422 2266 valde.
1456 2225 1528 2263 Hic
1553 2234 1704 2267 tamen,

896 2295 964 2333 pro
977 2299 1041 2322 mn
1055 2284 1166 2322 valde
1175 2287 1268 2339 longe
1283 2312 1294 2329 ,
1311 2285 1493 2337 ponitur:
1506 2280 1635 2320 Brevis
1647 2277 1703 2318 est

892 2339 999 2378 enim
1016 2337 1253 2392 Hellesponti
1266 2339 1454 2380 transitus.
1489 2339 1643 2378 Servius.

951 2402 1057 2436 Terra
1062 2397 1211 2450 procul]
1240 2398 1404 2450 Optime
1417 2395 1616 2450 ignoranti
1633 2391 1710 2433 Di-

895 2451 987 2491 doni
1005 2463 1145 2493 terram
1158 2456 1319 2507 exponit
1334 2469 1345 2494 z
1369 2455 1411 2493 in
1425 2466 1498 2508 qua
1511 2451 1597 2492 situs
1609 2452 1704 2497 loci,

898 2510 937 2548 ὃ(
951 2510 1163 2550 incolarum
1177 2508 1350 2565 persona,
1366 2514 1405 2550 ὅ(
1419 2511 1707 2563 opportunitas,

38 2565 258 2605 menlmbent
273 2593 287 2614 ,
296 2568 496 2621 publiceque
506 2570 673 2613 coluntur,
686 2578 724 2605 ut
738 2567 846 2622 an-
894 2579 983 2606 cum
1009 2580 1162 2620 propter
1185 2565 1706 2623 propinquitatemla‘borem

29 2625 131 2676 pite-r
146 2650 157 2666 ‚
187 2622 300 2676 Juno.
332 2622 449 2677 Qod
471 2623 612 2662 deinde
633 2622 762 2663 firmat
775 2626 844 2664 du·
895 2624 1086 2677 longioris
1108 2625 1436 2665 itinerislevaret:
1459 2637 1615 2677 propter
1628 2623 1706 2663 fer-

37 2678 127 2731 plici
151 2679 379 2719 testimonio
394 2679 575 2720 Arnobii:
606 2688 685 2723 Non
697 2682 845 2737 denique

40 2737 114 2775 Dii
139 2739 265 2790 Magni
279 2765 290 2783 ‚
316 2738 566 2793 aufugientes
579 2739 621 2790 s?
636 2743 845 2793 Deosgenus

36 2807 134 2830 omne
159 2796 356 2833 mortalium
378 2798 561 2834 territant.
593 2796 632 2834 &
647 2823 660 2842 ‚
685 2799 758 2835 Hoc
770 2811 846 2852 ergo

39 2852 108 2888 Dii
120 2853 239 2903 magni
249 2863 451 2890 monuerunt
469 2880 481 2899 ‚
487 2856 730 2906 perpetiuntur
743 2855 844 2905 ,sba-

39 2908 150 2944 tium.
181 2906 227 2946 fic
252 2908 346 2946 mihi
373 2905 492 2948 visum
515 2909 564 2948 de
581 2909 749 2948 hocloco
767 2938 780 2957 ‚
804 2923 846 2948 e·-

895 2681 1079 2722 tilitatem
1093 2681 1358 2736 indigentibus
1370 2679 1490 2735 poffet
1502 2681 1699 2734 opitulari.

893 2737 1092 2793 Qoniam
1105 2750 1231 2780 autem
1244 2739 1409 2780 Thraces
1418 2735 1705 2792 amiserantLy-

892 2807 1050 2850 curgum
1063 2809 1192 2850 regern
1208 2825 1221 2846 ,
1246 2796 1444 2837 videbatur
1458 2825 1470 2844 ‚
1496 2796 1598 2850 quod
1613 2796 1700 2836 nul-

892 2852 951 2892 lus
994 2851 1225 2894 adverl‘arius
1265 2855 1466 2895 venientes
1496 2851 1708 2906 prohibere

872 2935 878 2946 .
892 2907 1025 2964 posset.
1069 2911 1262 2951 firmabat
1284 2924 1413 2952 autem
1437 2908 1542 2965 spem
1566 2910 1711 2964 religio

39 2973 130 3000 runt
164 2964 225 3017 qui
253 2964 494 3005 confundant
516 2979 603 3005 cum
630 2966 849 3007 Macrobio.
896 2967 1054 3008 foederis
1070 2997 1081 3016 ,
1105 2969 1358 3009 diuturnitate
1383 2966 1704 3024 temporisxobo·

43 3021 135 3059 Non
160 3020 317 3073 indigna
334 3050 345 3066 ,
368 3035 448 3075 qnae
473 3023 645 3063 audiatur
658 3021 848 3063 Passetatii

43 3076 228 3116 Nomlib.
247 3091 284 3117 2.
298 3079 339 3116 in
357 3083 526 3131 12r0p.e1.
546 3094 610 3128 3³-
629 3080 697 3120 Dii
713 3081 845 3134 Magni

40 3131 219 3175 dicuntur
232 3134 351 3176 tribus
363 3137 505 3179 modis.
536 3142 644 3185 Uno,
658 3150 746 3181 cum
759 3152 849 3179 om-

872 3051 877 3070 .
895 3036 987 3065 rata.
1022 3032 1196 3066 Donatus.

955 3084 1113 3123 Procul]
1147 3089 1207 3123 De
1232 3081 1301 3121 hac
1324 3093 1418 3121 voce
1442 3082 1573 3136 vulgus
1598 3092 1710 3135 putat

903 3150 1056 3181 tantum
1071 3138 1143 3182 effe
1154 3169 1170 3191 ,
1183 3142 1300 3194 longe
1316 3168 1327 3186 ,
1345 3152 1429 3180 non
1441 3138 1488 3181 fic
1500 3137 1565 3180 est.
1591 3142 1708 3194 procul

1235 3201 1270 3237 H
1287 3199 1308 3237 h
1336 3210 1367 3248 4
1617 3195 1728 3235 idem
