<?xml version="1.0" encoding="UTF-8"?>
<!DOCTYPE html PUBLIC "-//W3C//DTD XHTML 1.0 Transitional//EN"
    "http://www.w3.org/TR/xhtml1/DTD/xhtml1-transitional.dtd">
<html xmlns="http://www.w3.org/1999/xhtml" xml:lang="en" lang="en">
 <head>
  <title>
</title>
<meta http-equiv="Content-Type" content="text/html;charset=utf-8" />
  <meta name='ocr-system' content='tesseract 3.04.00' />
  <meta name='ocr-capabilities' content='ocr_page ocr_carea ocr_par ocr_line ocrx_word'/>
</head>
<body>
  <div class='ocr_page' id='page_1' title='image "./pvirgiliimaronis02virg_0527.png"; bbox 0 0 2037 3787; ppageno 0'>
   <div class='ocr_carea' id='block_1_1' title="bbox 35 127 1697 469">
    <p class='ocr_par' dir='ltr' id='par_1_1' title="bbox 35 127 1697 469">
     <span class='ocr_line' id='line_1_1' title="bbox 421 127 1697 208; baseline -0.002 -22"><span class='ocrx_word' id='word_1_1' title='bbox 421 128 890 194; x_wconf 69' lang='lat' dir='ltr'>AENr-:rnos</span> <span class='ocrx_word' id='word_1_2' title='bbox 974 127 1322 190; x_wconf 75' lang='lat' dir='ltr'>Lrn.IH.</span> <span class='ocrx_word' id='word_1_3' title='bbox 1591 142 1697 208; x_wconf 75' lang='lat'>519</span> 
     </span>
     <span class='ocr_line' id='line_1_2' title="bbox 149 211 1651 302; baseline -0.001 -24"><span class='ocrx_word' id='word_1_4' title='bbox 149 219 296 302; x_wconf 82' lang='lat' dir='ltr'>Ergo</span> <span class='ocrx_word' id='word_1_5' title='bbox 310 216 444 299; x_wconf 84' lang='lat' dir='ltr'>agite</span> <span class='ocrx_word' id='word_1_6' title='bbox 459 253 477 281; x_wconf 89' lang='lat'>‚</span> <span class='ocrx_word' id='word_1_7' title='bbox 514 221 568 273; x_wconf 87' lang='lat'>&amp;</span> <span class='ocrx_word' id='word_1_8' title='bbox 584 254 601 282; x_wconf 90' lang='lat'>‚</span> <span class='ocrx_word' id='word_1_9' title='bbox 637 213 820 276; x_wconf 78' lang='lat' dir='ltr'>divr‘im</span> <span class='ocrx_word' id='word_1_10' title='bbox 841 217 1035 278; x_wconf 89' lang='lat' dir='ltr'>ducunt</span> <span class='ocrx_word' id='word_1_11' title='bbox 1050 239 1151 299; x_wconf 85' lang='lat' dir='ltr'>qua</span> <span class='ocrx_word' id='word_1_12' title='bbox 1162 213 1288 296; x_wconf 79' lang='lat' dir='ltr'>jussa</span> <span class='ocrx_word' id='word_1_13' title='bbox 1302 254 1322 285; x_wconf 87' lang='lat'>‚</span> <span class='ocrx_word' id='word_1_14' title='bbox 1354 211 1651 298; x_wconf 81' lang='lat' dir='ltr'>sequamur:</span> 
     </span>
     <span class='ocr_line' id='line_1_3' title="bbox 35 299 1417 384; baseline -0.001 -22"><span class='ocrx_word' id='word_1_15' title='bbox 35 324 58 364; x_wconf 89' lang='lat'>1</span> <span class='ocrx_word' id='word_1_16' title='bbox 69 325 128 384; x_wconf 83' lang='lat'>15</span> <span class='ocrx_word' id='word_1_17' title='bbox 144 307 409 362; x_wconf 82' lang='lat' dir='ltr'>Placemus</span> <span class='ocrx_word' id='word_1_18' title='bbox 427 316 614 357; x_wconf 87' lang='lat' dir='ltr'>ventos</span> <span class='ocrx_word' id='word_1_19' title='bbox 631 336 648 364; x_wconf 87' lang='lat'>‚</span> <span class='ocrx_word' id='word_1_20' title='bbox 680 306 734 358; x_wconf 88' lang='lat'>&amp;</span> <span class='ocrx_word' id='word_1_21' title='bbox 757 299 976 361; x_wconf 80' lang='lat' dir='ltr'>Cnoffia</span> <span class='ocrx_word' id='word_1_22' title='bbox 989 322 1147 382; x_wconf 84' lang='lat' dir='ltr'>regna</span> <span class='ocrx_word' id='word_1_23' title='bbox 1163 319 1417 381; x_wconf 77' lang='lat' dir='ltr'>petamus·</span> 
     </span>
     <span class='ocr_line' id='line_1_4' title="bbox 154 379 1472 469; baseline -0.004 -25"><span class='ocrx_word' id='word_1_24' title='bbox 154 388 276 444; x_wconf 88' lang='lat' dir='ltr'>Nec</span> <span class='ocrx_word' id='word_1_25' title='bbox 291 386 456 464; x_wconf 82' lang='lat' dir='ltr'>longo</span> <span class='ocrx_word' id='word_1_26' title='bbox 470 379 656 440; x_wconf 75' lang='lat' dir='ltr'>distant</span> <span class='ocrx_word' id='word_1_27' title='bbox 673 381 814 441; x_wconf 89' lang='lat' dir='ltr'>cursu</span> <span class='ocrx_word' id='word_1_28' title='bbox 834 409 849 443; x_wconf 67' lang='grc' dir='ltr'>ε</span> <span class='ocrx_word' id='word_1_29' title='bbox 882 383 1048 445; x_wconf 78' lang='lat' dir='ltr'>inodo</span> <span class='ocrx_word' id='word_1_30' title='bbox 1064 386 1300 469; x_wconf 87' lang='lat' dir='ltr'>Juppiter</span> <span class='ocrx_word' id='word_1_31' title='bbox 1314 381 1438 441; x_wconf 81' lang='lat' dir='ltr'>adsit</span> <span class='ocrx_word' id='word_1_32' title='bbox 1452 420 1472 450; x_wconf 88' lang='lat'>,</span> 
     </span>
    </p>
   </div>
   <div class='ocr_carea' id='block_1_2' title="bbox 1508 461 1696 522">
    <p class='ocr_par' dir='ltr' id='par_1_2' title="bbox 1508 461 1696 522">
     <span class='ocr_line' id='line_1_5' title="bbox 1508 461 1696 522; baseline -0.005 0"><span class='ocrx_word' id='word_1_33' title='bbox 1508 461 1696 522; x_wconf 74' lang='lat' dir='ltr'>Tertia</span> 
     </span>
    </p>
   </div>
   <div class='ocr_carea' id='block_1_3' title="bbox 24 546 1717 2088">
    <p class='ocr_par' dir='ltr' id='par_1_3' title="bbox 24 546 1702 662">
     <span class='ocr_line' id='line_1_6' title="bbox 35 546 1702 603; baseline -0.003 -10"><span class='ocrx_word' id='word_1_34' title='bbox 35 552 126 593; x_wconf 82' lang='lat' dir='ltr'>dum</span> <span class='ocrx_word' id='word_1_35' title='bbox 138 549 210 591; x_wconf 83' lang='lat' dir='ltr'>tria</span> <span class='ocrx_word' id='word_1_36' title='bbox 221 550 322 591; x_wconf 84' lang='lat' dir='ltr'>mala</span> <span class='ocrx_word' id='word_1_37' title='bbox 333 560 446 589; x_wconf 85' lang='lat' dir='ltr'>aurea</span> <span class='ocrx_word' id='word_1_38' title='bbox 461 577 475 598; x_wconf 90' lang='lat'>‚</span> <span class='ocrx_word' id='word_1_39' title='bbox 495 549 719 603; x_wconf 78' lang='lat' dir='ltr'>provocavit</span> <span class='ocrx_word' id='word_1_40' title='bbox 740 551 847 603; x_wconf 80' lang='lat' dir='ltr'>puel·</span> <span class='ocrx_word' id='word_1_41' title='bbox 865 564 870 581; x_wconf 56' lang='grc' dir='ltr'>ι</span> <span class='ocrx_word' id='word_1_42' title='bbox 886 550 994 591; x_wconf 85' lang='lat' dir='ltr'>dium</span> <span class='ocrx_word' id='word_1_43' title='bbox 1008 579 1021 597; x_wconf 85' lang='lat'>,</span> <span class='ocrx_word' id='word_1_44' title='bbox 1052 548 1173 590; x_wconf 83' lang='lat' dir='ltr'>Marci</span> <span class='ocrx_word' id='word_1_45' title='bbox 1199 548 1370 591; x_wconf 79' lang='lat' dir='ltr'>Antonii</span> <span class='ocrx_word' id='word_1_46' title='bbox 1388 546 1488 603; x_wconf 79' lang='lat' dir='ltr'>apud</span> <span class='ocrx_word' id='word_1_47' title='bbox 1513 547 1702 597; x_wconf 57' lang='lat' dir='ltr'>Plinium</span> 
     </span>
     <span class='ocr_line' id='line_1_7' title="bbox 24 591 1216 662; baseline -0.003 -13"><span class='ocrx_word' id='word_1_48' title='bbox 24 608 108 650; x_wconf 82' lang='lat' dir='ltr'>lam</span> <span class='ocrx_word' id='word_1_49' title='bbox 120 608 168 648; x_wconf 82' lang='lat' dir='ltr'>ad</span> <span class='ocrx_word' id='word_1_50' title='bbox 178 605 324 648; x_wconf 86' lang='lat' dir='ltr'>cursum</span> <span class='ocrx_word' id='word_1_51' title='bbox 341 634 353 653; x_wconf 87' lang='lat'>‚</span> <span class='ocrx_word' id='word_1_52' title='bbox 381 608 419 646; x_wconf 89' lang='lat'>&amp;</span> <span class='ocrx_word' id='word_1_53' title='bbox 435 619 522 646; x_wconf 88' lang='lat' dir='ltr'>cum</span> <span class='ocrx_word' id='word_1_54' title='bbox 536 606 571 647; x_wconf 84' lang='lat' dir='ltr'>se</span> <span class='ocrx_word' id='word_1_55' title='bbox 586 607 728 657; x_wconf 74' lang='lat' dir='ltr'>videret</span> <span class='ocrx_word' id='word_1_56' title='bbox 742 606 844 661; x_wconf 74' lang='lat' dir='ltr'>posse</span> <span class='ocrx_word' id='word_1_57' title='bbox 868 591 872 634; x_wconf 69' lang='lat'><strong>¹</strong></span> <span class='ocrx_word' id='word_1_58' title='bbox 887 609 949 648; x_wconf 80' lang='lat' dir='ltr'>adi</span> <span class='ocrx_word' id='word_1_59' title='bbox 964 604 1052 662; x_wconf 86' lang='lat' dir='ltr'>ipse.</span> <span class='ocrx_word' id='word_1_60' title='bbox 1088 606 1216 661; x_wconf 69' lang='lat' dir='ltr'>Corda.</span> 
     </span>
    </p>

    <p class='ocr_par' dir='ltr' id='par_1_4' title="bbox 29 657 1706 832">
     <span class='ocr_line' id='line_1_8' title="bbox 32 657 1706 718; baseline -0.003 -13"><span class='ocrx_word' id='word_1_61' title='bbox 32 662 196 718; x_wconf 79' lang='lat' dir='ltr'>superari</span> <span class='ocrx_word' id='word_1_62' title='bbox 207 693 223 714; x_wconf 90' lang='lat'><em>,</em></span> <span class='ocrx_word' id='word_1_63' title='bbox 247 662 389 718; x_wconf 86' lang='lat' dir='ltr'>fingula</span> <span class='ocrx_word' id='word_1_64' title='bbox 410 664 528 717; x_wconf 84' lang='lat' dir='ltr'>coepit</span> <span class='ocrx_word' id='word_1_65' title='bbox 552 666 687 714; x_wconf 77' lang='lat' dir='ltr'>jacere.</span> <span class='ocrx_word' id='word_1_66' title='bbox 730 668 856 706; x_wconf 74' lang='lat' dir='ltr'>Tuncv</span> <span class='ocrx_word' id='word_1_67' title='bbox 950 664 1148 716; x_wconf 81' lang='lat' dir='ltr'>Dominae.]</span> <span class='ocrx_word' id='word_1_68' title='bbox 1162 662 1322 716; x_wconf 83' lang='lat' dir='ltr'>Aptaad</span> <span class='ocrx_word' id='word_1_69' title='bbox 1336 661 1435 703; x_wconf 90' lang='lat' dir='ltr'>hunc</span> <span class='ocrx_word' id='word_1_70' title='bbox 1444 663 1574 702; x_wconf 86' lang='lat' dir='ltr'>locum</span> <span class='ocrx_word' id='word_1_71' title='bbox 1588 657 1706 701; x_wconf 68' lang='lat' dir='ltr'>verba</span> 
     </span>
     <span class='ocr_line' id='line_1_9' title="bbox 33 718 1704 775; baseline -0.003 -12"><span class='ocrx_word' id='word_1_72' title='bbox 33 723 198 764; x_wconf 72' lang='lat' dir='ltr'>Atlante</span> <span class='ocrx_word' id='word_1_73' title='bbox 220 722 427 774; x_wconf 70' lang='lat' dir='ltr'>cupaditate</span> <span class='ocrx_word' id='word_1_74' title='bbox 448 721 753 775; x_wconf 82' lang='lat' dir='ltr'>colligendorum</span> <span class='ocrx_word' id='word_1_75' title='bbox 768 735 848 762; x_wconf 85' lang='lat' dir='ltr'>ma·</span> <span class='ocrx_word' id='word_1_76' title='bbox 892 725 994 762; x_wconf 85' lang='lat' dir='ltr'>Serv.</span> <span class='ocrx_word' id='word_1_77' title='bbox 1026 721 1127 763; x_wconf 85' lang='lat' dir='ltr'>Petri</span> <span class='ocrx_word' id='word_1_78' title='bbox 1151 725 1255 760; x_wconf 84' lang='lat' dir='ltr'>Dan.</span> <span class='ocrx_word' id='word_1_79' title='bbox 1279 721 1553 762; x_wconf 74' lang='lat' dir='ltr'>dominasDeas</span> <span class='ocrx_word' id='word_1_80' title='bbox 1564 718 1704 766; x_wconf 80' lang='lat' dir='ltr'>dicunt,</span> 
     </span>
     <span class='ocr_line' id='line_1_10' title="bbox 29 775 1080 832; baseline -0.004 -12"><span class='ocrx_word' id='word_1_81' title='bbox 29 779 159 820; x_wconf 81' lang='lat' dir='ltr'>lorum</span> <span class='ocrx_word' id='word_1_82' title='bbox 173 791 320 818; x_wconf 84' lang='lat' dir='ltr'>retenta</span> <span class='ocrx_word' id='word_1_83' title='bbox 335 807 346 823; x_wconf 89' lang='lat'>‚</span> <span class='ocrx_word' id='word_1_84' title='bbox 375 778 542 829; x_wconf 81' lang='lat' dir='ltr'>superata</span> <span class='ocrx_word' id='word_1_85' title='bbox 555 777 622 818; x_wconf 87' lang='lat' dir='ltr'>est.</span> <span class='ocrx_word' id='word_1_86' title='bbox 669 778 741 819; x_wconf 87' lang='lat' dir='ltr'>Sed</span> <span class='ocrx_word' id='word_1_87' title='bbox 753 779 846 832; x_wconf 85' lang='lat' dir='ltr'>Hip-</span> <span class='ocrx_word' id='word_1_88' title='bbox 896 790 936 817; x_wconf 85' lang='lat' dir='ltr'>ut</span> <span class='ocrx_word' id='word_1_89' title='bbox 959 775 1052 817; x_wconf 82' lang='lat' dir='ltr'>alibi</span> <span class='ocrx_word' id='word_1_90' title='bbox 1070 791 1080 816; x_wconf 92' lang='lat'>:</span> 
     </span>
    </p>

    <p class='ocr_par' dir='ltr' id='par_1_5' title="bbox 29 830 1710 945">
     <span class='ocr_line' id='line_1_11' title="bbox 39 830 1710 889; baseline -0.001 -15"><span class='ocrx_word' id='word_1_91' title='bbox 39 848 228 888; x_wconf 81' lang='lat' dir='ltr'>pomenes</span> <span class='ocrx_word' id='word_1_92' title='bbox 242 837 385 888; x_wconf 84' lang='lat' dir='ltr'>potitus</span> <span class='ocrx_word' id='word_1_93' title='bbox 398 836 574 880; x_wconf 64' lang='lat' dir='ltr'>victoria,</span> <span class='ocrx_word' id='word_1_94' title='bbox 587 848 674 876; x_wconf 83' lang='lat' dir='ltr'>cum</span> <span class='ocrx_word' id='word_1_95' title='bbox 687 836 848 889; x_wconf 78' lang='lat' dir='ltr'>gratiam</span> <span class='ocrx_word' id='word_1_96' title='bbox 923 839 980 875; x_wconf 78' lang='lat' dir='ltr'>Hi</span> <span class='ocrx_word' id='word_1_97' title='bbox 1011 833 1190 874; x_wconf 56' lang='lat' dir='ltr'>dominam</span> <span class='ocrx_word' id='word_1_98' title='bbox 1222 832 1315 874; x_wconf 76' lang='lat' dir='ltr'>ditis</span> <span class='ocrx_word' id='word_1_99' title='bbox 1347 833 1504 873; x_wconf 80' lang='lat' dir='ltr'><em>thalamo</em></span> <span class='ocrx_word' id='word_1_100' title='bbox 1537 830 1710 872; x_wconf 80' lang='lat' dir='ltr'><em>deducere</em></span> 
     </span>
     <span class='ocr_line' id='line_1_12' title="bbox 29 889 1168 945; baseline -0.003 -12"><span class='ocrx_word' id='word_1_101' title='bbox 29 893 200 938; x_wconf 81' lang='lat' dir='ltr'>Veneri,</span> <span class='ocrx_word' id='word_1_102' title='bbox 232 894 291 933; x_wconf 82' lang='lat' dir='ltr'>vel</span> <span class='ocrx_word' id='word_1_103' title='bbox 303 891 450 931; x_wconf 86' lang='lat' dir='ltr'>oblitus</span> <span class='ocrx_word' id='word_1_104' title='bbox 462 889 553 932; x_wconf 84' lang='lat' dir='ltr'>effet</span> <span class='ocrx_word' id='word_1_105' title='bbox 566 920 578 939; x_wconf 87' lang='lat'>‚</span> <span class='ocrx_word' id='word_1_106' title='bbox 593 896 652 932; x_wconf 87' lang='lat' dir='ltr'>vel</span> <span class='ocrx_word' id='word_1_107' title='bbox 665 890 848 945; x_wconf 81' lang='lat' dir='ltr'>neglexis·</span> <span class='ocrx_word' id='word_1_108' title='bbox 1035 890 1168 930; x_wconf 75' lang='lat' dir='ltr'>adorti.</span> 
     </span>
    </p>

    <p class='ocr_par' dir='ltr' id='par_1_6' title="bbox 31 943 1714 1454">
     <span class='ocr_line' id='line_1_13' title="bbox 31 943 1712 1003; baseline -0.002 -15"><span class='ocrx_word' id='word_1_109' title='bbox 31 945 91 989; x_wconf 90' lang='lat' dir='ltr'>set</span> <span class='ocrx_word' id='word_1_110' title='bbox 101 948 256 994; x_wconf 75' lang='lat' dir='ltr'>referre,</span> <span class='ocrx_word' id='word_1_111' title='bbox 271 949 435 1002; x_wconf 80' lang='lat' dir='ltr'>impulsu</span> <span class='ocrx_word' id='word_1_112' title='bbox 446 950 524 996; x_wconf 77' lang='lat' dir='ltr'>eius</span> <span class='ocrx_word' id='word_1_113' title='bbox 540 977 551 996; x_wconf 90' lang='lat'><em>‚</em></span> <span class='ocrx_word' id='word_1_114' title='bbox 565 950 606 989; x_wconf 89' lang='lat' dir='ltr'>in</span> <span class='ocrx_word' id='word_1_115' title='bbox 620 950 705 989; x_wconf 85' lang='lat' dir='ltr'>luco</span> <span class='ocrx_word' id='word_1_116' title='bbox 717 949 851 989; x_wconf 77' lang='lat' dir='ltr'>matris</span> <span class='ocrx_word' id='word_1_117' title='bbox 895 952 986 985; x_wconf 81' lang='lat' dir='ltr'>Sane</span> <span class='ocrx_word' id='word_1_118' title='bbox 997 945 1174 988; x_wconf 80' lang='lat' dir='ltr'>dominam</span> <span class='ocrx_word' id='word_1_119' title='bbox 1183 947 1321 1003; x_wconf 64' lang='lat' dir='ltr'>propria)</span> <span class='ocrx_word' id='word_1_120' title='bbox 1331 949 1489 988; x_wconf 79' lang='lat' dir='ltr'>Matrem</span> <span class='ocrx_word' id='word_1_121' title='bbox 1512 943 1630 985; x_wconf 53' lang='lat' dir='ltr'>Deam</span> <span class='ocrx_word' id='word_1_122' title='bbox 1651 943 1712 984; x_wconf 76' lang='lat' dir='ltr'>di-</span> 
     </span>
     <span class='ocr_line' id='line_1_14' title="bbox 37 1001 1711 1058; baseline -0.002 -13"><span class='ocrx_word' id='word_1_123' title='bbox 37 1005 157 1047; x_wconf 72' lang='lat' dir='ltr'>defim</span> <span class='ocrx_word' id='word_1_124' title='bbox 169 1034 180 1052; x_wconf 91' lang='lat'>‚</span> <span class='ocrx_word' id='word_1_125' title='bbox 200 1009 343 1046; x_wconf 80' lang='lat' dir='ltr'>amoris</span> <span class='ocrx_word' id='word_1_126' title='bbox 356 1006 597 1058; x_wconf 78' lang='lat' dir='ltr'>impatientia</span> <span class='ocrx_word' id='word_1_127' title='bbox 614 1034 627 1053; x_wconf 90' lang='lat'>,</span> <span class='ocrx_word' id='word_1_128' title='bbox 649 1019 737 1046; x_wconf 89' lang='lat' dir='ltr'>cum</span> <span class='ocrx_word' id='word_1_129' title='bbox 751 1007 848 1046; x_wconf 70' lang='lat' dir='ltr'>vista</span> <span class='ocrx_word' id='word_1_130' title='bbox 894 1007 940 1050; x_wconf 89' lang='lat' dir='ltr'>ci,</span> <span class='ocrx_word' id='word_1_131' title='bbox 953 1010 1066 1044; x_wconf 84' lang='lat' dir='ltr'>Varro</span> <span class='ocrx_word' id='word_1_132' title='bbox 1079 1009 1131 1049; x_wconf 59' lang='grc' dir='ltr'>ξφ</span> <span class='ocrx_word' id='word_1_133' title='bbox 1142 1006 1248 1044; x_wconf 82' lang='lat' dir='ltr'>ceteri</span> <span class='ocrx_word' id='word_1_134' title='bbox 1260 1001 1446 1057; x_wconf 81' lang='lat' dir='ltr'>affirmant</span> <span class='ocrx_word' id='word_1_135' title='bbox 1459 1031 1471 1050; x_wconf 85' lang='lat'><strong>,</strong></span> <span class='ocrx_word' id='word_1_136' title='bbox 1496 1018 1578 1042; x_wconf 86' lang='lat' dir='ltr'>nam</span> <span class='ocrx_word' id='word_1_137' title='bbox 1591 1010 1644 1046; x_wconf 57' lang='grc' dir='ltr'>(θ’</span> <span class='ocrx_word' id='word_1_138' title='bbox 1657 1002 1711 1041; x_wconf 70' lang='lat' dir='ltr'>ila·</span> 
     </span>
     <span class='ocr_line' id='line_1_15' title="bbox 36 1058 1712 1117; baseline -0.003 -15"><span class='ocrx_word' id='word_1_139' title='bbox 36 1062 258 1103; x_wconf 82' lang='lat' dir='ltr'>concubuit.</span> <span class='ocrx_word' id='word_1_140' title='bbox 307 1063 423 1103; x_wconf 84' lang='lat' dir='ltr'>Unde</span> <span class='ocrx_word' id='word_1_141' title='bbox 444 1063 539 1103; x_wconf 85' lang='lat' dir='ltr'>irata</span> <span class='ocrx_word' id='word_1_142' title='bbox 564 1063 632 1102; x_wconf 88' lang='lat' dir='ltr'>dea</span> <span class='ocrx_word' id='word_1_143' title='bbox 655 1063 697 1102; x_wconf 89' lang='lat' dir='ltr'>in</span> <span class='ocrx_word' id='word_1_144' title='bbox 720 1063 853 1102; x_wconf 87' lang='lat' dir='ltr'>leones</span> <span class='ocrx_word' id='word_1_145' title='bbox 899 1063 1143 1117; x_wconf 74' lang='lat' dir='ltr'>Profhrpinam</span> <span class='ocrx_word' id='word_1_146' title='bbox 1153 1061 1231 1100; x_wconf 81' lang='lat' dir='ltr'>ideo</span> <span class='ocrx_word' id='word_1_147' title='bbox 1245 1058 1269 1096; x_wconf 70' lang='lat' dir='ltr'>a*</span> <span class='ocrx_word' id='word_1_148' title='bbox 1294 1059 1624 1115; x_wconf 80' lang='lat' dir='ltr'>Virgiliodominam</span> <span class='ocrx_word' id='word_1_149' title='bbox 1646 1071 1712 1113; x_wconf 77' lang='lat' dir='ltr'>ap-</span> 
     </span>
     <span class='ocr_line' id='line_1_16' title="bbox 37 1115 1710 1173; baseline -0.004 -13"><span class='ocrx_word' id='word_1_150' title='bbox 37 1132 106 1160; x_wconf 90' lang='lat' dir='ltr'>eos</span> <span class='ocrx_word' id='word_1_151' title='bbox 118 1119 324 1167; x_wconf 85' lang='lat' dir='ltr'>convertit,</span> <span class='ocrx_word' id='word_1_152' title='bbox 339 1121 379 1159; x_wconf 89' lang='lat'>&amp;</span> <span class='ocrx_word' id='word_1_153' title='bbox 392 1119 458 1160; x_wconf 86' lang='lat' dir='ltr'>suo</span> <span class='ocrx_word' id='word_1_154' title='bbox 478 1121 601 1160; x_wconf 79' lang='lat' dir='ltr'>currui</span> <span class='ocrx_word' id='word_1_155' title='bbox 612 1117 850 1173; x_wconf 83' lang='lat' dir='ltr'>subjugavit3</span> <span class='ocrx_word' id='word_1_156' title='bbox 890 1117 1064 1170; x_wconf 82' lang='lat' dir='ltr'><em>pellatam</em></span> <span class='ocrx_word' id='word_1_157' title='bbox 1079 1145 1091 1164; x_wconf 90' lang='lat'><em>,</em></span> <span class='ocrx_word' id='word_1_158' title='bbox 1121 1117 1212 1173; x_wconf 80' lang='lat' dir='ltr'>quod</span> <span class='ocrx_word' id='word_1_159' title='bbox 1232 1118 1306 1171; x_wconf 74' lang='lat' dir='ltr'>ipfiz</span> <span class='ocrx_word' id='word_1_160' title='bbox 1330 1129 1427 1156; x_wconf 75' lang='lat' dir='ltr'>terra</span> <span class='ocrx_word' id='word_1_161' title='bbox 1449 1117 1514 1170; x_wconf 79' lang='lat' dir='ltr'>effi</span> <span class='ocrx_word' id='word_1_162' title='bbox 1539 1115 1710 1163; x_wconf 79' lang='lat' dir='ltr'>dicatur,</span> 
     </span>
     <span class='ocr_line' id='line_1_17' title="bbox 46 1173 1713 1231; baseline -0.004 -15"><span class='ocrx_word' id='word_1_163' title='bbox 46 1178 88 1216; x_wconf 75' lang='grc' dir='ltr'>ἃ</span> <span class='ocrx_word' id='word_1_164' title='bbox 107 1178 293 1230; x_wconf 72' lang='lat' dir='ltr'>praecepit,</span> <span class='ocrx_word' id='word_1_165' title='bbox 320 1189 368 1216; x_wconf 85' lang='lat' dir='ltr'>ne</span> <span class='ocrx_word' id='word_1_166' title='bbox 384 1173 508 1216; x_wconf 82' lang='lat' dir='ltr'>secum</span> <span class='ocrx_word' id='word_1_167' title='bbox 532 1189 699 1231; x_wconf 82' lang='lat' dir='ltr'>unquam</span> <span class='ocrx_word' id='word_1_168' title='bbox 721 1178 856 1216; x_wconf 89' lang='lat' dir='ltr'>leones</span> <span class='ocrx_word' id='word_1_169' title='bbox 871 1205 875 1231; x_wconf 68' lang='grc'><em>,</em></span> <span class='ocrx_word' id='word_1_170' title='bbox 890 1174 980 1219; x_wconf 78' lang='lat' dir='ltr'>ficut</span> <span class='ocrx_word' id='word_1_171' title='bbox 994 1181 1045 1220; x_wconf 64' lang='lat'>&lt;59-</span> <span class='ocrx_word' id='word_1_172' title='bbox 1058 1180 1181 1214; x_wconf 83' lang='lat' dir='ltr'>Mater</span> <span class='ocrx_word' id='word_1_173' title='bbox 1191 1173 1320 1214; x_wconf 56' lang='lat' dir='ltr'>Deam.</span> <span class='ocrx_word' id='word_1_174' title='bbox 1336 1175 1448 1212; x_wconf 82' lang='lat' dir='ltr'>Plato</span> <span class='ocrx_word' id='word_1_175' title='bbox 1460 1177 1554 1227; x_wconf 79' lang='lat' dir='ltr'>Leg.</span> <span class='ocrx_word' id='word_1_176' title='bbox 1571 1187 1596 1211; x_wconf 73' lang='grc' dir='ltr'>ε.</span> <span class='ocrx_word' id='word_1_177' title='bbox 1614 1174 1713 1211; x_wconf 84' lang='lat' dir='ltr'>Ter·</span> 
     </span>
     <span class='ocr_line' id='line_1_18' title="bbox 43 1227 1714 1277; baseline -0.003 -4"><span class='ocrx_word' id='word_1_178' title='bbox 43 1233 206 1274; x_wconf 84' lang='lat' dir='ltr'>coirent.</span> <span class='ocrx_word' id='word_1_179' title='bbox 253 1237 352 1273; x_wconf 87' lang='lat' dir='ltr'>Nam</span> <span class='ocrx_word' id='word_1_180' title='bbox 378 1235 418 1273; x_wconf 69' lang='grc' dir='ltr'>ὅ(</span> <span class='ocrx_word' id='word_1_181' title='bbox 447 1233 594 1274; x_wconf 87' lang='lat' dir='ltr'>Plinius</span> <span class='ocrx_word' id='word_1_182' title='bbox 618 1235 660 1272; x_wconf 87' lang='lat' dir='ltr'>in</span> <span class='ocrx_word' id='word_1_183' title='bbox 691 1234 856 1273; x_wconf 87' lang='lat' dir='ltr'>naturali</span> <span class='ocrx_word' id='word_1_184' title='bbox 895 1243 978 1270; x_wconf 86' lang='lat' dir='ltr'>ram</span> <span class='ocrx_word' id='word_1_185' title='bbox 995 1259 1008 1277; x_wconf 88' lang='lat'>‚</span> <span class='ocrx_word' id='word_1_186' title='bbox 1039 1233 1079 1271; x_wconf 78' lang='grc' dir='ltr'>δι</span> <span class='ocrx_word' id='word_1_187' title='bbox 1106 1232 1275 1271; x_wconf 81' lang='lat' dir='ltr'>Patriam</span> <span class='ocrx_word' id='word_1_188' title='bbox 1296 1229 1376 1271; x_wconf 65' lang='grc' dir='ltr'>θεὸν</span> <span class='ocrx_word' id='word_1_189' title='bbox 1391 1227 1587 1269; x_wconf 48' lang='lat' dir='ltr'>diam-mam</span> <span class='ocrx_word' id='word_1_190' title='bbox 1602 1238 1714 1271; x_wconf 81' lang='lat' dir='ltr'>vocat</span> 
     </span>
     <span class='ocr_line' id='line_1_19' title="bbox 47 1287 1714 1343; baseline -0.003 -13"><span class='ocrx_word' id='word_1_191' title='bbox 47 1288 204 1330; x_wconf 82' lang='lat' dir='ltr'>historia</span> <span class='ocrx_word' id='word_1_192' title='bbox 216 1290 324 1336; x_wconf 88' lang='lat' dir='ltr'>dicit,</span> <span class='ocrx_word' id='word_1_193' title='bbox 337 1291 494 1329; x_wconf 83' lang='lat' dir='ltr'>leonem</span> <span class='ocrx_word' id='word_1_194' title='bbox 507 1302 593 1330; x_wconf 86' lang='lat' dir='ltr'>cum</span> <span class='ocrx_word' id='word_1_195' title='bbox 604 1290 717 1343; x_wconf 84' lang='lat' dir='ltr'>parda</span> <span class='ocrx_word' id='word_1_196' title='bbox 731 1290 857 1331; x_wconf 88' lang='lat' dir='ltr'>liben-</span> <span class='ocrx_word' id='word_1_197' title='bbox 898 1293 1014 1327; x_wconf 76' lang='lat' dir='ltr'>Deam</span> <span class='ocrx_word' id='word_1_198' title='bbox 1036 1289 1226 1328; x_wconf 81' lang='lat' dir='ltr'>dominam.</span> <span class='ocrx_word' id='word_1_199' title='bbox 1267 1287 1372 1343; x_wconf 89' lang='lat' dir='ltr'>quod</span> <span class='ocrx_word' id='word_1_200' title='bbox 1398 1288 1550 1327; x_wconf 86' lang='lat' dir='ltr'>notavit</span> <span class='ocrx_word' id='word_1_201' title='bbox 1576 1289 1714 1326; x_wconf 82' lang='lat' dir='ltr'><strong>Germ.</strong></span> 
     </span>
     <span class='ocr_line' id='line_1_20' title="bbox 45 1341 1714 1399; baseline -0.002 -13"><span class='ocrx_word' id='word_1_202' title='bbox 45 1357 120 1393; x_wconf 83' lang='lat' dir='ltr'>ter,</span> <span class='ocrx_word' id='word_1_203' title='bbox 139 1348 177 1387; x_wconf 90' lang='lat'>&amp;</span> <span class='ocrx_word' id='word_1_204' title='bbox 193 1346 348 1399; x_wconf 86' lang='lat' dir='ltr'>pardum</span> <span class='ocrx_word' id='word_1_205' title='bbox 361 1359 446 1386; x_wconf 84' lang='lat' dir='ltr'>cum</span> <span class='ocrx_word' id='word_1_206' title='bbox 460 1349 572 1386; x_wconf 80' lang='lat' dir='ltr'>leaena</span> <span class='ocrx_word' id='word_1_207' title='bbox 586 1347 854 1387; x_wconf 80' lang='lat' dir='ltr'>concumbere.</span> <span class='ocrx_word' id='word_1_208' title='bbox 899 1345 1001 1385; x_wconf 88' lang='lat' dir='ltr'>unde</span> <span class='ocrx_word' id='word_1_209' title='bbox 1026 1346 1179 1399; x_wconf 85' lang='lat' dir='ltr'>proprie</span> <span class='ocrx_word' id='word_1_210' title='bbox 1203 1346 1221 1398; x_wconf 89' lang='lat'><strong>(</strong></span> <span class='ocrx_word' id='word_1_211' title='bbox 1234 1346 1290 1385; x_wconf 89' lang='lat' dir='ltr'>ait</span> <span class='ocrx_word' id='word_1_212' title='bbox 1302 1341 1406 1384; x_wconf 83' lang='lat' dir='ltr'>Briff.</span> <span class='ocrx_word' id='word_1_213' title='bbox 1419 1341 1490 1384; x_wconf 90' lang='lat' dir='ltr'>lib.</span> <span class='ocrx_word' id='word_1_214' title='bbox 1508 1357 1542 1385; x_wconf 81' lang='lat'>1.</span> <span class='ocrx_word' id='word_1_215' title='bbox 1560 1342 1714 1398; x_wconf 81' lang='lat' dir='ltr'>Fotm.)</span> 
     </span>
     <span class='ocr_line' id='line_1_21' title="bbox 48 1401 1415 1454; baseline -0.001 -11"><span class='ocrx_word' id='word_1_216' title='bbox 48 1404 148 1443; x_wconf 79' lang='lat' dir='ltr'>Ideo</span> <span class='ocrx_word' id='word_1_217' title='bbox 170 1415 298 1444; x_wconf 84' lang='lat' dir='ltr'>autem</span> <span class='ocrx_word' id='word_1_218' title='bbox 313 1416 435 1444; x_wconf 83' lang='lat' dir='ltr'>mater</span> <span class='ocrx_word' id='word_1_219' title='bbox 448 1403 560 1444; x_wconf 68' lang='lat' dir='ltr'>defun</span> <span class='ocrx_word' id='word_1_220' title='bbox 574 1417 682 1444; x_wconf 82' lang='lat' dir='ltr'>curru</span> <span class='ocrx_word' id='word_1_221' title='bbox 702 1403 785 1444; x_wconf 90' lang='lat' dir='ltr'>vehi</span> <span class='ocrx_word' id='word_1_222' title='bbox 804 1403 863 1443; x_wconf 87' lang='lat' dir='ltr'>di·</span> <span class='ocrx_word' id='word_1_223' title='bbox 902 1401 1019 1442; x_wconf 81' lang='lat' dir='ltr'>ovid.</span> <span class='ocrx_word' id='word_1_224' title='bbox 1033 1406 1180 1443; x_wconf 86' lang='lat' dir='ltr'>locutus</span> <span class='ocrx_word' id='word_1_225' title='bbox 1193 1401 1248 1442; x_wconf 89' lang='lat' dir='ltr'>est</span> <span class='ocrx_word' id='word_1_226' title='bbox 1260 1416 1301 1454; x_wconf 81' lang='lat'>4.</span> <span class='ocrx_word' id='word_1_227' title='bbox 1319 1401 1415 1442; x_wconf 87' lang='lat' dir='ltr'>Fast.</span> 
     </span>
    </p>

    <p class='ocr_par' dir='ltr' id='par_1_7' title="bbox 50 1458 1714 1572">
     <span class='ocr_line' id='line_1_22' title="bbox 50 1458 1714 1516; baseline 0.001 -18"><span class='ocrx_word' id='word_1_228' title='bbox 50 1460 171 1499; x_wconf 85' lang='lat' dir='ltr'>citur:</span> <span class='ocrx_word' id='word_1_229' title='bbox 204 1461 293 1514; x_wconf 83' lang='lat' dir='ltr'>quia</span> <span class='ocrx_word' id='word_1_230' title='bbox 317 1458 394 1511; x_wconf 90' lang='lat' dir='ltr'>ipsa</span> <span class='ocrx_word' id='word_1_231' title='bbox 417 1459 469 1499; x_wconf 87' lang='lat' dir='ltr'>est</span> <span class='ocrx_word' id='word_1_232' title='bbox 482 1472 579 1500; x_wconf 85' lang='lat' dir='ltr'>terra</span> <span class='ocrx_word' id='word_1_233' title='bbox 594 1489 608 1508; x_wconf 90' lang='lat'>‚</span> <span class='ocrx_word' id='word_1_234' title='bbox 631 1474 710 1516; x_wconf 84' lang='lat' dir='ltr'>quae</span> <span class='ocrx_word' id='word_1_235' title='bbox 723 1461 863 1514; x_wconf 85' lang='lat' dir='ltr'>pendet</span> <span class='ocrx_word' id='word_1_236' title='bbox 937 1463 1109 1500; x_wconf 72' lang='lat' dir='ltr'>Almonis</span> <span class='ocrx_word' id='word_1_237' title='bbox 1121 1460 1493 1514; x_wconf 76' lang='lat' dir='ltr'>dominam,sacraque</span> <span class='ocrx_word' id='word_1_238' title='bbox 1503 1458 1594 1497; x_wconf 77' lang='lat' dir='ltr'>lavit</span> <span class='ocrx_word' id='word_1_239' title='bbox 1604 1472 1714 1512; x_wconf 78' lang='lat' dir='ltr'>aqua.</span> 
     </span>
     <span class='ocr_line' id='line_1_23' title="bbox 52 1514 1045 1572; baseline -0.001 -17"><span class='ocrx_word' id='word_1_240' title='bbox 52 1515 96 1556; x_wconf 84' lang='lat' dir='ltr'>in</span> <span class='ocrx_word' id='word_1_241' title='bbox 107 1519 203 1557; x_wconf 78' lang='lat' dir='ltr'>a&#39;e&#39;re.</span> <span class='ocrx_word' id='word_1_242' title='bbox 217 1517 310 1557; x_wconf 87' lang='lat' dir='ltr'>1deo</span> <span class='ocrx_word' id='word_1_243' title='bbox 321 1514 521 1556; x_wconf 79' lang='lat' dir='ltr'>sustinetur</span> <span class='ocrx_word' id='word_1_244' title='bbox 532 1519 738 1572; x_wconf 85' lang='lat' dir='ltr'>rotis‚quia</span> <span class='ocrx_word' id='word_1_245' title='bbox 750 1530 862 1558; x_wconf 87' lang='lat' dir='ltr'>mun·</span> <span class='ocrx_word' id='word_1_246' title='bbox 904 1516 1045 1555; x_wconf 84' lang='lat' dir='ltr'>Cerda.</span> 
     </span>
    </p>

    <p class='ocr_par' dir='ltr' id='par_1_8' title="bbox 44 1565 1717 1683">
     <span class='ocr_line' id='line_1_24' title="bbox 44 1565 1717 1626; baseline -0.001 -14"><span class='ocrx_word' id='word_1_247' title='bbox 44 1572 115 1613; x_wconf 86' lang='lat' dir='ltr'>dus</span> <span class='ocrx_word' id='word_1_248' title='bbox 132 1585 278 1613; x_wconf 83' lang='lat' dir='ltr'>rotatur</span> <span class='ocrx_word' id='word_1_249' title='bbox 293 1602 304 1619; x_wconf 90' lang='lat'><strong>,</strong></span> <span class='ocrx_word' id='word_1_250' title='bbox 333 1575 373 1613; x_wconf 86' lang='lat'>&amp;</span> <span class='ocrx_word' id='word_1_251' title='bbox 399 1574 582 1614; x_wconf 88' lang='lat' dir='ltr'>volubilis</span> <span class='ocrx_word' id='word_1_252' title='bbox 605 1574 671 1614; x_wconf 89' lang='lat' dir='ltr'>est.</span> <span class='ocrx_word' id='word_1_253' title='bbox 716 1575 810 1614; x_wconf 89' lang='lat' dir='ltr'>Ideo</span> <span class='ocrx_word' id='word_1_254' title='bbox 823 1575 859 1615; x_wconf 88' lang='lat' dir='ltr'>ei</span> <span class='ocrx_word' id='word_1_255' title='bbox 966 1587 980 1613; x_wconf 77' lang='grc' dir='ltr'><strong>ι</strong></span> <span class='ocrx_word' id='word_1_256' title='bbox 993 1587 1053 1626; x_wconf 77' lang='lat'>¹4.</span> <span class='ocrx_word' id='word_1_257' title='bbox 1071 1571 1209 1613; x_wconf 61' lang='lat' dir='ltr'>Divz‘km</span> <span class='ocrx_word' id='word_1_258' title='bbox 1221 1571 1390 1624; x_wconf 59' lang='lat' dir='ltr'>ducunt]</span> <span class='ocrx_word' id='word_1_259' title='bbox 1408 1574 1455 1610; x_wconf 85' lang='lat' dir='ltr'>Et</span> <span class='ocrx_word' id='word_1_260' title='bbox 1469 1565 1717 1611; x_wconf 75' lang='lat' dir='ltr'>neceffirium</span> 
     </span>
     <span class='ocr_line' id='line_1_25' title="bbox 45 1601 1528 1683; baseline -0.002 -13"><span class='ocrx_word' id='word_1_261' title='bbox 45 1628 293 1683; x_wconf 84' lang='lat' dir='ltr'>subjugantur</span> <span class='ocrx_word' id='word_1_262' title='bbox 305 1631 438 1670; x_wconf 91' lang='lat' dir='ltr'>leones</span> <span class='ocrx_word' id='word_1_263' title='bbox 457 1658 469 1676; x_wconf 91' lang='lat'><strong>,</strong></span> <span class='ocrx_word' id='word_1_264' title='bbox 494 1630 766 1671; x_wconf 76' lang='lat' dir='ltr'>utostendatur</span> <span class='ocrx_word' id='word_1_265' title='bbox 779 1601 882 1679; x_wconf 66' lang='grc' dir='ltr'>τηε-Ι</span> <span class='ocrx_word' id='word_1_266' title='bbox 904 1627 1030 1682; x_wconf 86' lang='lat' dir='ltr'>posuit</span> <span class='ocrx_word' id='word_1_267' title='bbox 1042 1657 1054 1675; x_wconf 92' lang='lat'>‚</span> <span class='ocrx_word' id='word_1_268' title='bbox 1070 1631 1108 1669; x_wconf 75' lang='grc' dir='ltr'>δε</span> <span class='ocrx_word' id='word_1_269' title='bbox 1123 1628 1340 1670; x_wconf 88' lang='lat' dir='ltr'>honestum.</span> <span class='ocrx_word' id='word_1_270' title='bbox 1372 1630 1528 1668; x_wconf 71' lang='lat' dir='ltr'>Servius.</span> 
     </span>
    </p>

    <p class='ocr_par' dir='ltr' id='par_1_9' title="bbox 44 1682 1716 1856">
     <span class='ocr_line' id='line_1_26' title="bbox 46 1682 1716 1746; baseline -0.003 -20"><span class='ocrx_word' id='word_1_271' title='bbox 46 1697 199 1727; x_wconf 87' lang='lat' dir='ltr'>ternam</span> <span class='ocrx_word' id='word_1_272' title='bbox 226 1689 408 1739; x_wconf 82' lang='lat' dir='ltr'>pietatem</span> <span class='ocrx_word' id='word_1_273' title='bbox 421 1687 664 1740; x_wconf 76' lang='lat' dir='ltr'>totumposse</span> <span class='ocrx_word' id='word_1_274' title='bbox 676 1686 858 1740; x_wconf 84' lang='lat' dir='ltr'>superare.</span> <span class='ocrx_word' id='word_1_275' title='bbox 879 1682 884 1746; x_wconf 53' lang='lat' dir='ltr'>i</span> <span class='ocrx_word' id='word_1_276' title='bbox 960 1685 1103 1727; x_wconf 71' lang='lat' dir='ltr'>Diw2m</span> <span class='ocrx_word' id='word_1_277' title='bbox 1124 1685 1258 1726; x_wconf 82' lang='lat' dir='ltr'>ducunt</span> <span class='ocrx_word' id='word_1_278' title='bbox 1268 1701 1336 1740; x_wconf 75' lang='lat' dir='ltr'>qua</span> <span class='ocrx_word' id='word_1_279' title='bbox 1344 1686 1440 1739; x_wconf 79' lang='lat' dir='ltr'>jufflz</span> <span class='ocrx_word' id='word_1_280' title='bbox 1455 1714 1467 1732; x_wconf 90' lang='lat'>,</span> <span class='ocrx_word' id='word_1_281' title='bbox 1483 1682 1716 1737; x_wconf 58' lang='lat' dir='ltr'>sequamur]</span> 
     </span>
     <span class='ocr_line' id='line_1_27' title="bbox 45 1737 1716 1797; baseline -0.001 -14"><span class='ocrx_word' id='word_1_282' title='bbox 45 1744 140 1783; x_wconf 87' lang='lat' dir='ltr'>Ideo</span> <span class='ocrx_word' id='word_1_283' title='bbox 179 1743 425 1795; x_wconf 75' lang='lat' dir='ltr'>Corybantes</span> <span class='ocrx_word' id='word_1_284' title='bbox 455 1745 537 1793; x_wconf 86' lang='lat' dir='ltr'>ejus</span> <span class='ocrx_word' id='word_1_285' title='bbox 579 1745 743 1784; x_wconf 83' lang='lat' dir='ltr'>ministri</span> <span class='ocrx_word' id='word_1_286' title='bbox 772 1759 859 1784; x_wconf 86' lang='lat' dir='ltr'>cum</span> <span class='ocrx_word' id='word_1_287' title='bbox 880 1750 884 1788; x_wconf 74' lang='lat' dir='ltr'>i</span> <span class='ocrx_word' id='word_1_288' title='bbox 907 1745 1008 1782; x_wconf 81' lang='lat' dir='ltr'>Nam</span> <span class='ocrx_word' id='word_1_289' title='bbox 1033 1755 1115 1783; x_wconf 90' lang='lat' dir='ltr'>non</span> <span class='ocrx_word' id='word_1_290' title='bbox 1127 1744 1289 1796; x_wconf 82' lang='lat' dir='ltr'>amplius</span> <span class='ocrx_word' id='word_1_291' title='bbox 1300 1739 1386 1783; x_wconf 88' lang='lat' dir='ltr'>sunt</span> <span class='ocrx_word' id='word_1_292' title='bbox 1397 1741 1536 1783; x_wconf 87' lang='lat' dir='ltr'>incerti</span> <span class='ocrx_word' id='word_1_293' title='bbox 1548 1751 1625 1797; x_wconf 83' lang='lat' dir='ltr'>quo</span> <span class='ocrx_word' id='word_1_294' title='bbox 1637 1737 1716 1781; x_wconf 76' lang='lat' dir='ltr'>fata</span> 
     </span>
     <span class='ocr_line' id='line_1_28' title="bbox 44 1797 1249 1856; baseline -0.002 -14"><span class='ocrx_word' id='word_1_295' title='bbox 44 1799 184 1842; x_wconf 72' lang='lat' dir='ltr'>stristis</span> <span class='ocrx_word' id='word_1_296' title='bbox 195 1801 327 1854; x_wconf 76' lang='lat' dir='ltr'>gladiis</span> <span class='ocrx_word' id='word_1_297' title='bbox 342 1797 414 1839; x_wconf 87' lang='lat' dir='ltr'>esse</span> <span class='ocrx_word' id='word_1_298' title='bbox 426 1800 640 1854; x_wconf 86' lang='lat' dir='ltr'>finguntur,</span> <span class='ocrx_word' id='word_1_299' title='bbox 664 1801 861 1856; x_wconf 81' lang='lat' dir='ltr'>utfignifi-</span> <span class='ocrx_word' id='word_1_300' title='bbox 902 1799 1040 1839; x_wconf 81' lang='lat' dir='ltr'>fetant.</span> <span class='ocrx_word' id='word_1_301' title='bbox 1075 1805 1249 1840; x_wconf 76' lang='lat' dir='ltr'>Donatus.</span> 
     </span>
    </p>

    <p class='ocr_par' dir='ltr' id='par_1_10' title="bbox 41 1857 888 2088">
     <span class='ocr_line' id='line_1_29' title="bbox 41 1857 863 1912; baseline 0 -14"><span class='ocrx_word' id='word_1_302' title='bbox 41 1869 148 1898; x_wconf 84' lang='lat' dir='ltr'>cetur</span> <span class='ocrx_word' id='word_1_303' title='bbox 174 1871 311 1897; x_wconf 83' lang='lat' dir='ltr'>omnes</span> <span class='ocrx_word' id='word_1_304' title='bbox 338 1870 407 1910; x_wconf 80' lang='lat' dir='ltr'>pro</span> <span class='ocrx_word' id='word_1_305' title='bbox 433 1869 531 1897; x_wconf 88' lang='lat' dir='ltr'>terra</span> <span class='ocrx_word' id='word_1_306' title='bbox 556 1857 616 1898; x_wconf 83' lang='lat' dir='ltr'>sua</span> <span class='ocrx_word' id='word_1_307' title='bbox 643 1858 782 1898; x_wconf 87' lang='lat' dir='ltr'>debere</span> <span class='ocrx_word' id='word_1_308' title='bbox 796 1873 863 1912; x_wconf 84' lang='lat' dir='ltr'>pu-</span> 
     </span>
     <span class='ocr_line' id='line_1_30' title="bbox 43 1913 860 1970; baseline 0.001 -16"><span class='ocrx_word' id='word_1_309' title='bbox 43 1927 177 1970; x_wconf 80' lang='lat' dir='ltr'>gnare.</span> <span class='ocrx_word' id='word_1_310' title='bbox 205 1913 322 1970; x_wconf 77' lang='lat' dir='ltr'>Qiod</span> <span class='ocrx_word' id='word_1_311' title='bbox 334 1925 462 1954; x_wconf 85' lang='lat' dir='ltr'>autem</span> <span class='ocrx_word' id='word_1_312' title='bbox 475 1917 650 1956; x_wconf 78' lang='lat' dir='ltr'>turritam</span> <span class='ocrx_word' id='word_1_313' title='bbox 663 1915 781 1970; x_wconf 83' lang='lat' dir='ltr'>gestat</span> <span class='ocrx_word' id='word_1_314' title='bbox 792 1929 860 1956; x_wconf 90' lang='lat' dir='ltr'>co-</span> 
     </span>
     <span class='ocr_line' id='line_1_31' title="bbox 43 1970 888 2088; baseline 0.001 -76"><span class='ocrx_word' id='word_1_315' title='bbox 43 1984 209 2012; x_wconf 82' lang='lat' dir='ltr'>ronam:</span> <span class='ocrx_word' id='word_1_316' title='bbox 236 1971 404 2012; x_wconf 85' lang='lat' dir='ltr'>ostendit</span> <span class='ocrx_word' id='word_1_317' title='bbox 418 1970 660 2025; x_wconf 73' lang='lat' dir='ltr'>superpositas</span> <span class='ocrx_word' id='word_1_318' title='bbox 672 1984 779 2013; x_wconf 81' lang='lat' dir='ltr'>terrae</span> <span class='ocrx_word' id='word_1_319' title='bbox 789 1970 863 2014; x_wconf 72' lang='lat' dir='ltr'>este</span> <span class='ocrx_word' id='word_1_320' title='bbox 884 1997 888 2088; x_wconf 64' lang='grc' dir='ltr'>ι</span> 
     </span>
    </p>
   </div>
   <div class='ocr_carea' id='block_1_4' title="bbox 870 956 875 1201">
    <p class='ocr_par' dir='ltr' id='par_1_11' title="bbox 870 956 875 1201">
     <span class='ocr_line' id='line_1_32' title="bbox 870 956 875 1201; baseline 0 2586"><span class='ocrx_word' id='word_1_321' title='bbox 870 956 875 1201; x_wconf 95' lang='lat' dir='ltr'> </span> 
     </span>
    </p>
   </div>
   <div class='ocr_carea' id='block_1_5' title="bbox 872 1233 879 1428">
    <p class='ocr_par' dir='ltr' id='par_1_12' title="bbox 872 1233 879 1428">
     <span class='ocr_line' id='line_1_33' title="bbox 872 1233 879 1428; baseline 0 2359"><span class='ocrx_word' id='word_1_322' title='bbox 872 1233 879 1428; x_wconf 95' lang='lat' dir='ltr'> </span> 
     </span>
    </p>
   </div>
   <div class='ocr_carea' id='block_1_6' title="bbox 874 1430 882 1599">
    <p class='ocr_par' dir='ltr' id='par_1_13' title="bbox 874 1430 882 1599">
     <span class='ocr_line' id='line_1_34' title="bbox 874 1430 882 1599; baseline 0 2188"><span class='ocrx_word' id='word_1_323' title='bbox 874 1430 882 1599; x_wconf 95' lang='lat' dir='ltr'> </span> 
     </span>
    </p>
   </div>
   <div class='ocr_carea' id='block_1_7' title="bbox 43 1851 1739 2705">
    <p class='ocr_par' dir='ltr' id='par_1_14' title="bbox 906 1851 1727 2080">
     <span class='ocr_line' id='line_1_35' title="bbox 980 1851 1720 1909; baseline -0.005 -12"><span class='ocrx_word' id='word_1_324' title='bbox 980 1870 1067 1909; x_wconf 83' lang='lat'>115.</span> <span class='ocrx_word' id='word_1_325' title='bbox 1109 1861 1290 1897; x_wconf 80' lang='lat' dir='ltr'>Placemus</span> <span class='ocrx_word' id='word_1_326' title='bbox 1309 1854 1471 1904; x_wconf 67' lang='lat' dir='ltr'>ventos-&#39;¹</span> <span class='ocrx_word' id='word_1_327' title='bbox 1515 1855 1605 1894; x_wconf 81' lang='lat' dir='ltr'>Non</span> <span class='ocrx_word' id='word_1_328' title='bbox 1630 1851 1720 1907; x_wconf 74' lang='lat' dir='ltr'>quia</span> 
     </span>
     <span class='ocr_line' id='line_1_36' title="bbox 906 1909 1710 1966; baseline -0.002 -14"><span class='ocrx_word' id='word_1_329' title='bbox 906 1923 1000 1953; x_wconf 90' lang='lat' dir='ltr'>tunc</span> <span class='ocrx_word' id='word_1_330' title='bbox 1010 1911 1129 1953; x_wconf 77' lang='lat' dir='ltr'>essent</span> <span class='ocrx_word' id='word_1_331' title='bbox 1138 1911 1258 1966; x_wconf 85' lang='lat' dir='ltr'>asperi</span> <span class='ocrx_word' id='word_1_332' title='bbox 1269 1941 1284 1961; x_wconf 91' lang='lat'><em>‚</em></span> <span class='ocrx_word' id='word_1_333' title='bbox 1312 1909 1378 1951; x_wconf 91' lang='lat' dir='ltr'>sed</span> <span class='ocrx_word' id='word_1_334' title='bbox 1388 1924 1428 1951; x_wconf 88' lang='lat' dir='ltr'>ut</span> <span class='ocrx_word' id='word_1_335' title='bbox 1439 1910 1620 1963; x_wconf 85' lang='lat' dir='ltr'>deinceps</span> <span class='ocrx_word' id='word_1_336' title='bbox 1631 1911 1710 1950; x_wconf 82' lang='lat' dir='ltr'>illis</span> 
     </span>
     <span class='ocr_line' id='line_1_37' title="bbox 908 1965 1727 2023; baseline -0.005 -13"><span class='ocrx_word' id='word_1_337' title='bbox 908 1967 1094 2023; x_wconf 79' lang='lat' dir='ltr'>prosperis</span> <span class='ocrx_word' id='word_1_338' title='bbox 1105 1981 1273 2011; x_wconf 85' lang='lat' dir='ltr'>utantur.</span> <span class='ocrx_word' id='word_1_339' title='bbox 1314 1970 1418 2008; x_wconf 85' lang='lat' dir='ltr'>Facit</span> <span class='ocrx_word' id='word_1_340' title='bbox 1429 1980 1558 2008; x_wconf 86' lang='lat' dir='ltr'>autem</span> <span class='ocrx_word' id='word_1_341' title='bbox 1571 1980 1655 2007; x_wconf 86' lang='lat' dir='ltr'>rem</span> <span class='ocrx_word' id='word_1_342' title='bbox 1667 1965 1727 2007; x_wconf 77' lang='lat' dir='ltr'>fa—</span> 
     </span>
     <span class='ocr_line' id='line_1_38' title="bbox 907 2024 1688 2080; baseline -0.004 -14"><span class='ocrx_word' id='word_1_343' title='bbox 907 2028 1022 2067; x_wconf 86' lang='lat' dir='ltr'>cilem</span> <span class='ocrx_word' id='word_1_344' title='bbox 1035 2024 1058 2068; x_wconf 70' lang='grc' dir='ltr'>ὲ</span> <span class='ocrx_word' id='word_1_345' title='bbox 1071 2027 1257 2069; x_wconf 84' lang='lat' dir='ltr'>brevitate</span> <span class='ocrx_word' id='word_1_346' title='bbox 1266 2026 1542 2080; x_wconf 77' lang='lat' dir='ltr'>navigationis.</span> <span class='ocrx_word' id='word_1_347' title='bbox 1574 2024 1688 2064; x_wconf 87' lang='lat' dir='ltr'><em>Idem.</em></span> 
     </span>
    </p>

    <p class='ocr_par' dir='ltr' id='par_1_15' title="bbox 43 2085 1730 2309">
     <span class='ocr_line' id='line_1_39' title="bbox 968 2085 1726 2136; baseline -0.007 -11"><span class='ocrx_word' id='word_1_348' title='bbox 968 2087 1145 2125; x_wconf 77' lang='lat' dir='ltr'>Placemus</span> <span class='ocrx_word' id='word_1_349' title='bbox 1159 2085 1314 2135; x_wconf 42' lang='lat' dir='ltr'>ventae]</span> <span class='ocrx_word' id='word_1_350' title='bbox 1347 2086 1553 2136; x_wconf 83' lang='lat' dir='ltr'>Nunquam</span> <span class='ocrx_word' id='word_1_351' title='bbox 1576 2093 1726 2121; x_wconf 84' lang='lat' dir='ltr'>veteres</span> 
     </span>
     <span class='ocr_line' id='line_1_40' title="bbox 909 2138 1730 2182; baseline -0.005 -1"><span class='ocrx_word' id='word_1_352' title='bbox 909 2138 947 2181; x_wconf 89' lang='lat' dir='ltr'>se</span> <span class='ocrx_word' id='word_1_353' title='bbox 970 2142 1066 2181; x_wconf 88' lang='lat' dir='ltr'>mari</span> <span class='ocrx_word' id='word_1_354' title='bbox 1093 2140 1394 2182; x_wconf 85' lang='lat' dir='ltr'>committebant</span> <span class='ocrx_word' id='word_1_355' title='bbox 1419 2139 1496 2180; x_wconf 83' lang='lat' dir='ltr'>fine</span> <span class='ocrx_word' id='word_1_356' title='bbox 1513 2138 1585 2178; x_wconf 87' lang='lat' dir='ltr'>hoc</span> <span class='ocrx_word' id='word_1_357' title='bbox 1597 2138 1730 2178; x_wconf 86' lang='lat' dir='ltr'>muni-</span> 
     </span>
     <span class='ocr_line' id='line_1_41' title="bbox 43 2195 1729 2256; baseline -0.003 -17"><span class='ocrx_word' id='word_1_358' title='bbox 43 2199 205 2240; x_wconf 85' lang='lat' dir='ltr'>leonum</span> <span class='ocrx_word' id='word_1_359' title='bbox 219 2197 422 2238; x_wconf 81' lang='lat' dir='ltr'>dominam</span> <span class='ocrx_word' id='word_1_360' title='bbox 441 2195 464 2238; x_wconf 66' lang='lat' dir='ltr'>a</span> <span class='ocrx_word' id='word_1_361' title='bbox 477 2200 639 2255; x_wconf 77' lang='lat' dir='ltr'>Virgilio</span> <span class='ocrx_word' id='word_1_362' title='bbox 651 2200 794 2241; x_wconf 72' lang='lat' dir='ltr'>distam</span> <span class='ocrx_word' id='word_1_363' title='bbox 807 2214 864 2241; x_wconf 78' lang='lat' dir='ltr'>at-</span> <span class='ocrx_word' id='word_1_364' title='bbox 911 2197 1030 2237; x_wconf 88' lang='lat' dir='ltr'>mine.</span> <span class='ocrx_word' id='word_1_365' title='bbox 1040 2198 1209 2256; x_wconf 84' lang='lat' dir='ltr'>Justinus</span> <span class='ocrx_word' id='word_1_366' title='bbox 1218 2200 1243 2238; x_wconf 83' lang='lat'>1.</span> <span class='ocrx_word' id='word_1_367' title='bbox 1263 2215 1279 2242; x_wconf 85' lang='lat'>1</span> <span class='ocrx_word' id='word_1_368' title='bbox 1290 2212 1304 2240; x_wconf 88' lang='lat'>1</span> <span class='ocrx_word' id='word_1_369' title='bbox 1317 2227 1325 2236; x_wconf 90' lang='lat'><strong>.</strong></span> <span class='ocrx_word' id='word_1_370' title='bbox 1338 2197 1461 2251; x_wconf 86' lang='lat' dir='ltr'>quide</span> <span class='ocrx_word' id='word_1_371' title='bbox 1474 2201 1620 2249; x_wconf 82' lang='lat' dir='ltr'>Magno</span> <span class='ocrx_word' id='word_1_372' title='bbox 1634 2196 1729 2234; x_wconf 83' lang='lat' dir='ltr'>Ale·-</span> 
     </span>
     <span class='ocr_line' id='line_1_42' title="bbox 54 2254 1724 2309; baseline -0.003 -14"><span class='ocrx_word' id='word_1_373' title='bbox 54 2255 262 2298; x_wconf 73' lang='lat' dir='ltr'>bitrantur.</span> <span class='ocrx_word' id='word_1_374' title='bbox 291 2257 450 2295; x_wconf 76' lang='lat' dir='ltr'>Servius.</span> <span class='ocrx_word' id='word_1_375' title='bbox 909 2255 1077 2295; x_wconf 85' lang='lat' dir='ltr'>xandro:</span> <span class='ocrx_word' id='word_1_376' title='bbox 1105 2258 1316 2309; x_wconf 72' lang='lat' dir='ltr'>Priufiyuam</span> <span class='ocrx_word' id='word_1_377' title='bbox 1328 2254 1401 2293; x_wconf 76' lang='lat' dir='ltr'>ulla</span> <span class='ocrx_word' id='word_1_378' title='bbox 1414 2255 1517 2293; x_wconf 73' lang='lat' dir='ltr'>navis</span> <span class='ocrx_word' id='word_1_379' title='bbox 1532 2258 1631 2291; x_wconf 74' lang='lat' dir='ltr'>litore</span> <span class='ocrx_word' id='word_1_380' title='bbox 1655 2268 1724 2291; x_wconf 84' lang='lat' dir='ltr'>ex-</span> 
     </span>
    </p>

    <p class='ocr_par' dir='ltr' id='par_1_16' title="bbox 51 2293 1730 2481">
     <span class='ocr_line' id='line_1_43' title="bbox 110 2293 1730 2383; baseline -0.002 -32"><span class='ocrx_word' id='word_1_381' title='bbox 110 2317 156 2354; x_wconf 80' lang='lat' dir='ltr'>Ec</span> <span class='ocrx_word' id='word_1_382' title='bbox 166 2314 283 2366; x_wconf 65' lang='lat' dir='ltr'>jumfii</span> <span class='ocrx_word' id='word_1_383' title='bbox 294 2328 447 2360; x_wconf 81' lang='lat' dir='ltr'>currum,</span> <span class='ocrx_word' id='word_1_384' title='bbox 459 2312 567 2363; x_wconf 56' lang='lat' dir='ltr'>Cym]</span> <span class='ocrx_word' id='word_1_385' title='bbox 581 2310 730 2364; x_wconf 86' lang='lat' dir='ltr'>Cybele</span> <span class='ocrx_word' id='word_1_386' title='bbox 743 2323 862 2352; x_wconf 80' lang='lat' dir='ltr'>terra·</span> <span class='ocrx_word' id='word_1_387' title='bbox 884 2293 890 2383; x_wconf 59' lang='grc' dir='ltr'>Ι</span> <span class='ocrx_word' id='word_1_388' title='bbox 909 2312 1062 2360; x_wconf 81' lang='lat' dir='ltr'>cederet,</span> <span class='ocrx_word' id='word_1_389' title='bbox 1075 2312 1202 2366; x_wconf 70' lang='lat' dir='ltr'>hostias</span> <span class='ocrx_word' id='word_1_390' title='bbox 1212 2313 1326 2352; x_wconf 58' lang='lat' dir='ltr'>caedit.</span> <span class='ocrx_word' id='word_1_391' title='bbox 1348 2311 1497 2349; x_wconf 83' lang='lat' dir='ltr'>Alludit</span> <span class='ocrx_word' id='word_1_392' title='bbox 1512 2322 1601 2349; x_wconf 84' lang='lat' dir='ltr'>vero</span> <span class='ocrx_word' id='word_1_393' title='bbox 1613 2311 1730 2349; x_wconf 64' lang='lat' dir='ltr'>Poeta</span> 
     </span>
     <span class='ocr_line' id='line_1_44' title="bbox 51 2364 1730 2423; baseline -0.002 -13"><span class='ocrx_word' id='word_1_394' title='bbox 51 2382 138 2410; x_wconf 73' lang='lat' dir='ltr'>tum</span> <span class='ocrx_word' id='word_1_395' title='bbox 151 2369 330 2409; x_wconf 85' lang='lat' dir='ltr'>omnium</span> <span class='ocrx_word' id='word_1_396' title='bbox 349 2373 429 2408; x_wconf 83' lang='lat' dir='ltr'>Dea</span> <span class='ocrx_word' id='word_1_397' title='bbox 440 2381 548 2409; x_wconf 85' lang='lat' dir='ltr'>curru</span> <span class='ocrx_word' id='word_1_398' title='bbox 561 2368 642 2407; x_wconf 80' lang='lat' dir='ltr'>vehi</span> <span class='ocrx_word' id='word_1_399' title='bbox 656 2367 864 2416; x_wconf 85' lang='lat' dir='ltr'>dicebatur,</span> <span class='ocrx_word' id='word_1_400' title='bbox 914 2368 971 2407; x_wconf 86' lang='lat' dir='ltr'>vel</span> <span class='ocrx_word' id='word_1_401' title='bbox 983 2368 1030 2407; x_wconf 85' lang='lat' dir='ltr'>ad</span> <span class='ocrx_word' id='word_1_402' title='bbox 1046 2366 1300 2423; x_wconf 50' lang='lat' dir='ltr'>Qiffgwnipfa,</span> <span class='ocrx_word' id='word_1_403' title='bbox 1314 2378 1424 2406; x_wconf 84' lang='lat' dir='ltr'>erant</span> <span class='ocrx_word' id='word_1_404' title='bbox 1439 2369 1512 2406; x_wconf 79' lang='lat' dir='ltr'>haec</span> <span class='ocrx_word' id='word_1_405' title='bbox 1524 2364 1639 2412; x_wconf 82' lang='lat' dir='ltr'>sacra,</span> <span class='ocrx_word' id='word_1_406' title='bbox 1650 2378 1730 2418; x_wconf 78' lang='lat' dir='ltr'>quae</span> 
     </span>
     <span class='ocr_line' id='line_1_45' title="bbox 54 2421 1730 2481; baseline -0.001 -17"><span class='ocrx_word' id='word_1_407' title='bbox 54 2427 144 2481; x_wconf 82' lang='lat' dir='ltr'>quia</span> <span class='ocrx_word' id='word_1_408' title='bbox 170 2426 334 2466; x_wconf 84' lang='lat' dir='ltr'>mundus</span> <span class='ocrx_word' id='word_1_409' title='bbox 357 2437 502 2465; x_wconf 82' lang='lat' dir='ltr'>rotatur</span> <span class='ocrx_word' id='word_1_410' title='bbox 533 2426 573 2465; x_wconf 69' lang='grc' dir='ltr'>ὃ(</span> <span class='ocrx_word' id='word_1_411' title='bbox 598 2424 777 2465; x_wconf 84' lang='lat' dir='ltr'>volubilis</span> <span class='ocrx_word' id='word_1_412' title='bbox 790 2425 856 2466; x_wconf 87' lang='lat' dir='ltr'>est.</span> <span class='ocrx_word' id='word_1_413' title='bbox 916 2437 986 2478; x_wconf 85' lang='lat' dir='ltr'>pro</span> <span class='ocrx_word' id='word_1_414' title='bbox 1006 2423 1114 2464; x_wconf 83' lang='lat' dir='ltr'>felici</span> <span class='ocrx_word' id='word_1_415' title='bbox 1138 2425 1255 2465; x_wconf 86' lang='lat' dir='ltr'>maris</span> <span class='ocrx_word' id='word_1_416' title='bbox 1268 2425 1427 2470; x_wconf 71' lang='lat' dir='ltr'>traiestu</span> <span class='ocrx_word' id='word_1_417' title='bbox 1439 2421 1730 2478; x_wconf 66' lang='lat' dir='ltr'>peragebantur,</span> 
     </span>
    </p>

    <p class='ocr_par' dir='ltr' id='par_1_17' title="bbox 52 2477 1739 2705">
     <span class='ocr_line' id='line_1_46' title="bbox 57 2477 1732 2536; baseline -0.002 -13"><span class='ocrx_word' id='word_1_418' title='bbox 57 2484 198 2524; x_wconf 87' lang='lat' dir='ltr'>Eidem</span> <span class='ocrx_word' id='word_1_419' title='bbox 212 2479 289 2529; x_wconf 87' lang='lat' dir='ltr'>subi</span> <span class='ocrx_word' id='word_1_420' title='bbox 298 2481 669 2536; x_wconf 79' lang='lat' dir='ltr'>ugabanturleones,</span> <span class='ocrx_word' id='word_1_421' title='bbox 687 2483 773 2536; x_wconf 85' lang='lat' dir='ltr'>quia</span> <span class='ocrx_word' id='word_1_422' title='bbox 786 2495 866 2522; x_wconf 87' lang='lat' dir='ltr'>ma-</span> <span class='ocrx_word' id='word_1_423' title='bbox 918 2482 974 2521; x_wconf 81' lang='lat' dir='ltr'>vei</span> <span class='ocrx_word' id='word_1_424' title='bbox 987 2482 1038 2520; x_wconf 88' lang='lat' dir='ltr'>ad</span> <span class='ocrx_word' id='word_1_425' title='bbox 1049 2482 1269 2534; x_wconf 60' lang='grc' dir='ltr'>ἦγμόσιωοι</span> <span class='ocrx_word' id='word_1_426' title='bbox 1283 2509 1298 2530; x_wconf 83' lang='grc'>,</span> <span class='ocrx_word' id='word_1_427' title='bbox 1326 2491 1436 2520; x_wconf 84' lang='lat' dir='ltr'>erant</span> <span class='ocrx_word' id='word_1_428' title='bbox 1463 2480 1537 2520; x_wconf 78' lang='lat' dir='ltr'>haec</span> <span class='ocrx_word' id='word_1_429' title='bbox 1551 2477 1732 2520; x_wconf 77' lang='lat' dir='ltr'>sacrificia</span> 
     </span>
     <span class='ocr_line' id='line_1_47' title="bbox 55 2533 1739 2593; baseline -0.002 -13"><span class='ocrx_word' id='word_1_430' title='bbox 55 2550 167 2580; x_wconf 76' lang='lat' dir='ltr'>terna</span> <span class='ocrx_word' id='word_1_431' title='bbox 183 2540 301 2591; x_wconf 70' lang='lat' dir='ltr'>pieta-z</span> <span class='ocrx_word' id='word_1_432' title='bbox 313 2540 447 2578; x_wconf 87' lang='lat' dir='ltr'>omnia</span> <span class='ocrx_word' id='word_1_433' title='bbox 461 2537 581 2593; x_wconf 87' lang='lat' dir='ltr'>potest</span> <span class='ocrx_word' id='word_1_434' title='bbox 595 2538 767 2591; x_wconf 86' lang='lat' dir='ltr'>superare</span> <span class='ocrx_word' id='word_1_435' title='bbox 779 2567 794 2587; x_wconf 90' lang='lat'>,</span> <span class='ocrx_word' id='word_1_436' title='bbox 821 2537 869 2578; x_wconf 83' lang='lat' dir='ltr'>fic</span> <span class='ocrx_word' id='word_1_437' title='bbox 918 2537 1086 2593; x_wconf 82' lang='lat' dir='ltr'>quaedam</span> <span class='ocrx_word' id='word_1_438' title='bbox 1104 2567 1114 2582; x_wconf 77' lang='grc'><em>,</em></span> <span class='ocrx_word' id='word_1_439' title='bbox 1140 2552 1219 2592; x_wconf 77' lang='lat' dir='ltr'>quae</span> <span class='ocrx_word' id='word_1_440' title='bbox 1239 2539 1350 2578; x_wconf 87' lang='lat' dir='ltr'>alicui</span> <span class='ocrx_word' id='word_1_441' title='bbox 1367 2543 1452 2577; x_wconf 92' lang='lat' dir='ltr'>Deo</span> <span class='ocrx_word' id='word_1_442' title='bbox 1466 2533 1739 2591; x_wconf 83' lang='lat' dir='ltr'>persolveban-</span> 
     </span>
     <span class='ocr_line' id='line_1_48' title="bbox 52 2593 1733 2650; baseline -0.001 -14"><span class='ocrx_word' id='word_1_443' title='bbox 52 2595 457 2650; x_wconf 57' lang='lat' dir='ltr'>Mythologiciovid.</span> <span class='ocrx_word' id='word_1_444' title='bbox 471 2594 608 2648; x_wconf 83' lang='lat' dir='ltr'>4.Fast.</span> <span class='ocrx_word' id='word_1_445' title='bbox 622 2593 769 2636; x_wconf 83' lang='lat' dir='ltr'>causam</span> <span class='ocrx_word' id='word_1_446' title='bbox 784 2595 870 2636; x_wconf 86' lang='lat' dir='ltr'>red·</span> <span class='ocrx_word' id='word_1_447' title='bbox 919 2608 980 2635; x_wconf 87' lang='lat' dir='ltr'>tur</span> <span class='ocrx_word' id='word_1_448' title='bbox 1005 2609 1074 2649; x_wconf 87' lang='lat' dir='ltr'>pro</span> <span class='ocrx_word' id='word_1_449' title='bbox 1096 2594 1199 2636; x_wconf 85' lang='lat' dir='ltr'>felici</span> <span class='ocrx_word' id='word_1_450' title='bbox 1226 2596 1340 2636; x_wconf 73' lang='lat' dir='ltr'>dustu</span> <span class='ocrx_word' id='word_1_451' title='bbox 1363 2595 1527 2634; x_wconf 75' lang='lat' dir='ltr'>itineris,</span> <span class='ocrx_word' id='word_1_452' title='bbox 1581 2598 1733 2635; x_wconf 78' lang='lat' dir='ltr'>Horum</span> 
     </span>
     <span class='ocr_line' id='line_1_49' title="bbox 64 2648 1734 2705; baseline -0.002 -11"><span class='ocrx_word' id='word_1_453' title='bbox 64 2653 122 2694; x_wconf 87' lang='lat' dir='ltr'>dit</span> <span class='ocrx_word' id='word_1_454' title='bbox 133 2653 191 2693; x_wconf 91' lang='lat' dir='ltr'>his</span> <span class='ocrx_word' id='word_1_455' title='bbox 203 2652 364 2694; x_wconf 68' lang='lat' dir='ltr'>versibus</span> <span class='ocrx_word' id='word_1_456' title='bbox 380 2666 389 2691; x_wconf 87' lang='lat'><strong>:</strong></span> <span class='ocrx_word' id='word_1_457' title='bbox 923 2653 1075 2692; x_wconf 87' lang='lat' dir='ltr'>mentio</span> <span class='ocrx_word' id='word_1_458' title='bbox 1088 2651 1140 2692; x_wconf 87' lang='lat' dir='ltr'>est</span> <span class='ocrx_word' id='word_1_459' title='bbox 1150 2655 1191 2693; x_wconf 88' lang='lat' dir='ltr'>in</span> <span class='ocrx_word' id='word_1_460' title='bbox 1205 2652 1466 2705; x_wconf 85' lang='lat' dir='ltr'>Xenophonte</span> <span class='ocrx_word' id='word_1_461' title='bbox 1478 2651 1542 2691; x_wconf 88' lang='lat' dir='ltr'>lib.</span> <span class='ocrx_word' id='word_1_462' title='bbox 1561 2664 1598 2701; x_wconf 84' lang='lat'>4.</span> <span class='ocrx_word' id='word_1_463' title='bbox 1616 2648 1734 2690; x_wconf 60' lang='lat' dir='ltr'>acme.</span> 
     </span>
    </p>
   </div>
   <div class='ocr_carea' id='block_1_8' title="bbox 881 1792 887 1993">
    <p class='ocr_par' dir='ltr' id='par_1_18' title="bbox 881 1792 887 1993">
     <span class='ocr_line' id='line_1_50' title="bbox 881 1792 887 1993; baseline 0 1794"><span class='ocrx_word' id='word_1_464' title='bbox 881 1792 887 1993; x_wconf 95' lang='lat' dir='ltr'> </span> 
     </span>
    </p>
   </div>
   <div class='ocr_carea' id='block_1_9' title="bbox 45 2027 863 2196">
    <p class='ocr_par' dir='ltr' id='par_1_19' title="bbox 45 2027 863 2196">
     <span class='ocr_line' id='line_1_51' title="bbox 45 2027 859 2083; baseline 0.004 -16"><span class='ocrx_word' id='word_1_465' title='bbox 45 2029 223 2068; x_wconf 85' lang='lat' dir='ltr'>civitates</span> <span class='ocrx_word' id='word_1_466' title='bbox 236 2058 249 2076; x_wconf 91' lang='lat'>‚</span> <span class='ocrx_word' id='word_1_467' title='bbox 277 2041 367 2083; x_wconf 85' lang='lat' dir='ltr'>quas</span> <span class='ocrx_word' id='word_1_468' title='bbox 380 2027 576 2081; x_wconf 81' lang='lat' dir='ltr'>infignitas</span> <span class='ocrx_word' id='word_1_469' title='bbox 588 2030 754 2070; x_wconf 83' lang='lat' dir='ltr'>turribus</span> <span class='ocrx_word' id='word_1_470' title='bbox 764 2043 859 2070; x_wconf 39' lang='lat' dir='ltr'>cont</span> 
     </span>
     <span class='ocr_line' id='line_1_52' title="bbox 49 2084 863 2140; baseline 0.002 -15"><span class='ocrx_word' id='word_1_471' title='bbox 49 2084 133 2125; x_wconf 86' lang='lat' dir='ltr'>stat.</span> <span class='ocrx_word' id='word_1_472' title='bbox 164 2089 271 2124; x_wconf 85' lang='lat' dir='ltr'>Hanc</span> <span class='ocrx_word' id='word_1_473' title='bbox 282 2085 445 2125; x_wconf 86' lang='lat' dir='ltr'>eandem</span> <span class='ocrx_word' id='word_1_474' title='bbox 458 2092 562 2127; x_wconf 74' lang='lat' dir='ltr'>Eram</span> <span class='ocrx_word' id='word_1_475' title='bbox 575 2087 771 2140; x_wconf 86' lang='lat' dir='ltr'>appellari,</span> <span class='ocrx_word' id='word_1_476' title='bbox 790 2087 863 2127; x_wconf 89' lang='lat' dir='ltr'>hoc</span> 
     </span>
     <span class='ocr_line' id='line_1_53' title="bbox 51 2141 862 2196; baseline 0.004 -15"><span class='ocrx_word' id='word_1_477' title='bbox 51 2141 107 2181; x_wconf 88' lang='lat' dir='ltr'>est</span> <span class='ocrx_word' id='word_1_478' title='bbox 123 2170 138 2191; x_wconf 93' lang='lat'>,</span> <span class='ocrx_word' id='word_1_479' title='bbox 161 2142 363 2186; x_wconf 78' lang='lat' dir='ltr'>dominam,</span> <span class='ocrx_word' id='word_1_480' title='bbox 390 2143 558 2184; x_wconf 82' lang='lat' dir='ltr'>tradunt.</span> <span class='ocrx_word' id='word_1_481' title='bbox 601 2145 680 2183; x_wconf 87' lang='lat' dir='ltr'>Alii</span> <span class='ocrx_word' id='word_1_482' title='bbox 695 2141 862 2196; x_wconf 86' lang='lat' dir='ltr'>ipsorum</span> 
     </span>
    </p>
   </div>
   <div class='ocr_carea' id='block_1_10' title="bbox 885 2092 889 2291">
    <p class='ocr_par' dir='ltr' id='par_1_20' title="bbox 885 2092 889 2291">
     <span class='ocr_line' id='line_1_54' title="bbox 885 2092 889 2291; baseline 0 1496"><span class='ocrx_word' id='word_1_483' title='bbox 885 2092 889 2291; x_wconf 95' lang='lat' dir='ltr'> </span> 
     </span>
    </p>
   </div>
   <div class='ocr_carea' id='block_1_11' title="bbox 92 2707 1738 2880">
    <p class='ocr_par' dir='ltr' id='par_1_21' title="bbox 92 2707 1738 2880">
     <span class='ocr_line' id='line_1_55' title="bbox 161 2707 1738 2766; baseline -0.001 -16"><span class='ocrx_word' id='word_1_484' title='bbox 161 2729 238 2740; x_wconf 79' lang='lat'>¹-—</span> <span class='ocrx_word' id='word_1_485' title='bbox 264 2726 323 2750; x_wconf 84' lang='lat' dir='ltr'>cur</span> <span class='ocrx_word' id='word_1_486' title='bbox 333 2711 527 2765; x_wconf 75' lang='lat' dir='ltr'>huicgenus</span> <span class='ocrx_word' id='word_1_487' title='bbox 538 2723 615 2749; x_wconf 81' lang='lat' dir='ltr'>acre</span> <span class='ocrx_word' id='word_1_488' title='bbox 629 2711 763 2749; x_wconf 79' lang='lat' dir='ltr'>leonum</span> <span class='ocrx_word' id='word_1_489' title='bbox 923 2708 988 2750; x_wconf 83' lang='lat' dir='ltr'>ubi</span> <span class='ocrx_word' id='word_1_490' title='bbox 1014 2711 1234 2761; x_wconf 55' lang='grc' dir='ltr'>ἡγεμόσιωσι</span> <span class='ocrx_word' id='word_1_491' title='bbox 1243 2709 1342 2751; x_wconf 87' lang='lat' dir='ltr'>fiunt</span> <span class='ocrx_word' id='word_1_492' title='bbox 1355 2709 1464 2766; x_wconf 84' lang='lat' dir='ltr'>Jovi‚</span> <span class='ocrx_word' id='word_1_493' title='bbox 1475 2708 1642 2755; x_wconf 79' lang='lat' dir='ltr'>Herculi,</span> <span class='ocrx_word' id='word_1_494' title='bbox 1650 2707 1738 2748; x_wconf 77' lang='lat' dir='ltr'>Diis</span> 
     </span>
     <span class='ocr_line' id='line_1_56' title="bbox 133 2765 1184 2821; baseline 0.001 -16"><span class='ocrx_word' id='word_1_495' title='bbox 133 2768 303 2807; x_wconf 59' lang='lat' dir='ltr'>Praebeat</span> <span class='ocrx_word' id='word_1_496' title='bbox 312 2768 468 2819; x_wconf 82' lang='lat' dir='ltr'>insolitas</span> <span class='ocrx_word' id='word_1_497' title='bbox 480 2765 528 2805; x_wconf 77' lang='lat' dir='ltr'>ad</span> <span class='ocrx_word' id='word_1_498' title='bbox 535 2772 622 2821; x_wconf 79' lang='lat' dir='ltr'>juga</span> <span class='ocrx_word' id='word_1_499' title='bbox 632 2782 742 2806; x_wconf 76' lang='lat' dir='ltr'>curva</span> <span class='ocrx_word' id='word_1_500' title='bbox 752 2766 870 2821; x_wconf 77' lang='lat' dir='ltr'>jubas.</span> <span class='ocrx_word' id='word_1_501' title='bbox 923 2766 1024 2809; x_wconf 59' lang='lat' dir='ltr'>alii&amp;</span> <span class='ocrx_word' id='word_1_502' title='bbox 1055 2766 1184 2808; x_wconf 67' lang='lat' dir='ltr'>Corda.</span> 
     </span>
     <span class='ocr_line' id='line_1_57' title="bbox 92 2816 1735 2880; baseline -0.001 -16"><span class='ocrx_word' id='word_1_503' title='bbox 92 2825 277 2864; x_wconf 72' lang='lat' dir='ltr'>Nimirum</span> <span class='ocrx_word' id='word_1_504' title='bbox 290 2827 427 2876; x_wconf 78' lang='lat' dir='ltr'>feritas</span> <span class='ocrx_word' id='word_1_505' title='bbox 449 2825 611 2879; x_wconf 78' lang='lat' dir='ltr'>quoniam</span> <span class='ocrx_word' id='word_1_506' title='bbox 621 2823 755 2864; x_wconf 75' lang='lat' dir='ltr'>mollita</span> <span class='ocrx_word' id='word_1_507' title='bbox 758 2839 822 2880; x_wconf 81' lang='lat' dir='ltr'>per</span> <span class='ocrx_word' id='word_1_508' title='bbox 831 2826 875 2863; x_wconf 81' lang='lat' dir='ltr'>il·</span> <span class='ocrx_word' id='word_1_509' title='bbox 981 2824 1117 2876; x_wconf 81' lang='lat' dir='ltr'>Cnossia</span> <span class='ocrx_word' id='word_1_510' title='bbox 1140 2823 1283 2879; x_wconf 58' lang='lat' dir='ltr'>regma]</span> <span class='ocrx_word' id='word_1_511' title='bbox 1311 2819 1507 2862; x_wconf 84' lang='lat' dir='ltr'>Cretenfia</span> <span class='ocrx_word' id='word_1_512' title='bbox 1521 2847 1534 2868; x_wconf 86' lang='lat'>,</span> <span class='ocrx_word' id='word_1_513' title='bbox 1559 2816 1581 2861; x_wconf 67' lang='grc' dir='ltr'>Ξ</span> <span class='ocrx_word' id='word_1_514' title='bbox 1596 2817 1735 2862; x_wconf 76' lang='lat' dir='ltr'>Gnoso</span> 
     </span>
    </p>
   </div>
   <div class='ocr_carea' id='block_1_12' title="bbox 139 2873 1738 2991">
    <p class='ocr_par' dir='ltr' id='par_1_22' title="bbox 139 2873 1738 2991">
     <span class='ocr_line' id='line_1_58' title="bbox 189 2873 1738 2933; baseline -0.001 -14"><span class='ocrx_word' id='word_1_515' title='bbox 189 2882 261 2919; x_wconf 76' lang='lat' dir='ltr'>lam</span> <span class='ocrx_word' id='word_1_516' title='bbox 924 2879 1080 2920; x_wconf 88' lang='lat' dir='ltr'>civitate</span> <span class='ocrx_word' id='word_1_517' title='bbox 1089 2882 1121 2928; x_wconf 82' lang='lat' dir='ltr'>ei</span> <span class='ocrx_word' id='word_1_518' title='bbox 1129 2893 1170 2920; x_wconf 89' lang='lat' dir='ltr'>us</span> <span class='ocrx_word' id='word_1_519' title='bbox 1184 2907 1199 2927; x_wconf 86' lang='lat'>‚</span> <span class='ocrx_word' id='word_1_520' title='bbox 1213 2880 1253 2919; x_wconf 75' lang='grc' dir='ltr'>δε</span> <span class='ocrx_word' id='word_1_521' title='bbox 1266 2879 1319 2919; x_wconf 91' lang='lat' dir='ltr'>est</span> <span class='ocrx_word' id='word_1_522' title='bbox 1331 2890 1600 2933; x_wconf 79' lang='lat' dir='ltr'>argumentum</span> <span class='ocrx_word' id='word_1_523' title='bbox 1613 2873 1637 2917; x_wconf 64' lang='grc' dir='ltr'>ὲ</span> <span class='ocrx_word' id='word_1_524' title='bbox 1648 2874 1738 2931; x_wconf 84' lang='lat' dir='ltr'>pos-</span> 
     </span>
     <span class='ocr_line' id='line_1_59' title="bbox 139 2933 1228 2991; baseline -0.001 -16"><span class='ocrx_word' id='word_1_525' title='bbox 139 2941 168 2975; x_wconf 86' lang='lat' dir='ltr'><em>C</em></span> <span class='ocrx_word' id='word_1_526' title='bbox 170 2938 307 2977; x_wconf 73' lang='lat' dir='ltr'>reditur</span> <span class='ocrx_word' id='word_1_527' title='bbox 321 2952 334 2975; x_wconf 92' lang='lat'>.·</span> <span class='ocrx_word' id='word_1_528' title='bbox 355 2935 396 2975; x_wconf 78' lang='lat' dir='ltr'>id</span> <span class='ocrx_word' id='word_1_529' title='bbox 403 2951 504 2975; x_wconf 74' lang='lat' dir='ltr'>curru</span> <span class='ocrx_word' id='word_1_530' title='bbox 516 2933 766 2991; x_wconf 67' lang='lat' dir='ltr'>testificatafiro</span> <span class='ocrx_word' id='word_1_531' title='bbox 777 2935 839 2989; x_wconf 69' lang='lat' dir='ltr'>es}-</span> <span class='ocrx_word' id='word_1_532' title='bbox 928 2935 1036 2977; x_wconf 81' lang='lat' dir='ltr'>fibili.</span> <span class='ocrx_word' id='word_1_533' title='bbox 1071 2941 1228 2977; x_wconf 72' lang='lat' dir='ltr'>Servius.</span> 
     </span>
    </p>
   </div>
   <div class='ocr_carea' id='block_1_13' title="bbox 64 2989 1762 3215">
    <p class='ocr_par' dir='ltr' id='par_1_23' title="bbox 64 2989 1762 3215">
     <span class='ocr_line' id='line_1_60' title="bbox 71 2989 1749 3047; baseline -0.001 -16"><span class='ocrx_word' id='word_1_534' title='bbox 71 2989 238 3033; x_wconf 77' lang='lat' dir='ltr'>Causam</span> <span class='ocrx_word' id='word_1_535' title='bbox 252 2993 367 3033; x_wconf 81' lang='lat' dir='ltr'>aliam</span> <span class='ocrx_word' id='word_1_536' title='bbox 383 2991 535 3032; x_wconf 86' lang='lat' dir='ltr'>adducit</span> <span class='ocrx_word' id='word_1_537' title='bbox 558 2990 730 3032; x_wconf 86' lang='lat' dir='ltr'>Macrob.</span> <span class='ocrx_word' id='word_1_538' title='bbox 758 2992 827 3034; x_wconf 89' lang='lat' dir='ltr'>lib.</span> <span class='ocrx_word' id='word_1_539' title='bbox 845 3007 879 3034; x_wconf 81' lang='lat' dir='ltr'>r.</span> <span class='ocrx_word' id='word_1_540' title='bbox 992 3007 1007 3032; x_wconf 82' lang='lat' dir='ltr'>r</span> <span class='ocrx_word' id='word_1_541' title='bbox 1020 2994 1080 3034; x_wconf 76' lang='lat'>16.</span> <span class='ocrx_word' id='word_1_542' title='bbox 1110 2996 1287 3047; x_wconf 73' lang='lat' dir='ltr'>Neclongo</span> <span class='ocrx_word' id='word_1_543' title='bbox 1297 2990 1430 3045; x_wconf 72' lang='lat' dir='ltr'>distant</span> <span class='ocrx_word' id='word_1_544' title='bbox 1439 2991 1576 3044; x_wconf 49' lang='lat' dir='ltr'>cursa]</span> <span class='ocrx_word' id='word_1_545' title='bbox 1591 2995 1625 3032; x_wconf 69' lang='lat' dir='ltr'>A</span> <span class='ocrx_word' id='word_1_546' title='bbox 1641 2989 1749 3032; x_wconf 71' lang='lat' dir='ltr'>Dete</span> 
     </span>
     <span class='ocr_line' id='line_1_61' title="bbox 71 3046 1740 3104; baseline -0.001 -15"><span class='ocrx_word' id='word_1_547' title='bbox 71 3053 224 3090; x_wconf 85' lang='lat' dir='ltr'>Saturn.</span> <span class='ocrx_word' id='word_1_548' title='bbox 236 3063 313 3104; x_wconf 85' lang='lat' dir='ltr'>cap.</span> <span class='ocrx_word' id='word_1_549' title='bbox 331 3062 352 3089; x_wconf 89' lang='lat'>2</span> <span class='ocrx_word' id='word_1_550' title='bbox 364 3063 394 3087; x_wconf 78' lang='grc' dir='ltr'>ι.</span> <span class='ocrx_word' id='word_1_551' title='bbox 409 3048 524 3088; x_wconf 81' lang='lat' dir='ltr'>aliam</span> <span class='ocrx_word' id='word_1_552' title='bbox 536 3049 633 3089; x_wconf 89' lang='lat' dir='ltr'>item</span> <span class='ocrx_word' id='word_1_553' title='bbox 648 3052 800 3090; x_wconf 86' lang='lat' dir='ltr'>Lucret.</span> <span class='ocrx_word' id='word_1_554' title='bbox 814 3050 863 3091; x_wconf 84' lang='lat' dir='ltr'>l.2</span> <span class='ocrx_word' id='word_1_555' title='bbox 873 3079 883 3089; x_wconf 88' lang='lat'><em>.</em></span> <span class='ocrx_word' id='word_1_556' title='bbox 931 3046 1098 3097; x_wconf 82' lang='lat' dir='ltr'>scilicet3</span> <span class='ocrx_word' id='word_1_557' title='bbox 1113 3050 1165 3091; x_wconf 83' lang='lat' dir='ltr'>est</span> <span class='ocrx_word' id='word_1_558' title='bbox 1178 3061 1445 3103; x_wconf 75' lang='lat' dir='ltr'>argumentum</span> <span class='ocrx_word' id='word_1_559' title='bbox 1461 3046 1482 3088; x_wconf 66' lang='lat' dir='ltr'>a</span> <span class='ocrx_word' id='word_1_560' title='bbox 1495 3048 1612 3088; x_wconf 82' lang='lat' dir='ltr'>facili.</span> <span class='ocrx_word' id='word_1_561' title='bbox 1627 3046 1740 3088; x_wconf 63' lang='lat' dir='ltr'>[dein.</span> 
     </span>
     <span class='ocr_line' id='line_1_62' title="bbox 64 3101 1762 3215; baseline 0 -68"><span class='ocrx_word' id='word_1_562' title='bbox 64 3103 256 3148; x_wconf 76' lang='lat' dir='ltr'>Historias</span> <span class='ocrx_word' id='word_1_563' title='bbox 306 3104 548 3162; x_wconf 79' lang='lat' dir='ltr'>Heliogabali</span> <span class='ocrx_word' id='word_1_564' title='bbox 585 3106 687 3163; x_wconf 87' lang='lat' dir='ltr'>apud</span> <span class='ocrx_word' id='word_1_565' title='bbox 716 3105 887 3164; x_wconf 60' lang='lat' dir='ltr'>Lampr‘p</span> <span class='ocrx_word' id='word_1_566' title='bbox 986 3107 1097 3152; x_wconf 79' lang='lat' dir='ltr'>Modo</span> <span class='ocrx_word' id='word_1_567' title='bbox 1108 3106 1436 3215; x_wconf 42' lang='lat' dir='ltr'>anpieerictlzfizl</span> <span class='ocrx_word' id='word_1_568' title='bbox 1462 3109 1542 3149; x_wconf 82' lang='lat' dir='ltr'>Aut</span> <span class='ocrx_word' id='word_1_569' title='bbox 1551 3109 1614 3147; x_wconf 68' lang='lat' dir='ltr'>aer</span> <span class='ocrx_word' id='word_1_570' title='bbox 1596 3101 1762 3208; x_wconf 49' lang='lat' dir='ltr'>dizcgcefti&#39;</span> 
     </span>
    </p>
   </div>
  </div>
 </body>
</html>
