2037 3787
465 105 940 164 AENssrnos

1025 100 1195 161 L113.
1239 100 1335 159 11.
1611 116 1731 176 439

152 209 289 267 Non
307 204 444 285 prius
459 202 669 281 aspicies
687 241 704 268 ‚
738 201 824 259 ubi
839 198 1018 258 fessum
1034 215 1182 258 aetate
1195 210 1466 276 parentem

155 289 394 368 Liqueris
413 283 708 347 Anchisen?
749 283 950 363 superet
967 284 1228 358 conjuxne
1249 274 1448 337 Creusa
1463 315 1482 344 ‚

150 370 499 451 Ascaniusque
511 389 635 447 puer
653 371 675 424 ?
705 389 835 448 quos
853 367 1024 423 omnis
1036 363 1263 443 undique
1282 360 1458 418 Graiae

159 455 376 511 Circum
395 469 564 512 errant
581 450 712 509 acies
732 475 744 509 :
781 457 835 509 &
855 488 873 516 ‚
904 449 957 506 ni
972 469 1089 506 mea
1106 467 1224 504 cura
1240 441 1431 502 refistat
1443 480 1462 507 ‚

28 540 282 610 6001am
302 536 525 594 flammae
543 535 751 591 tulerint
769 573 786 599 ‚
818 532 1052 589 inimicus
1072 537 1124 588 &
1145 523 1360 585 hauserit
1374 522 1526 583 enli&

151 621 288 678 Non
303 618 398 678 tibi
425 616 742 698 Tyndaridis
758 612 910 674 facies
925 613 1086 673 invisa
1102 617 1336 670 Lacaenae
1351 646 1370 676 ‚

1575 686 1711 746 Cul-

85 805 176 861 596.
203 805 336 858 Feffum
349 817 449 846 aetate
459 806 677 860 parentem]
693 804 838 846 Eodem
892 795 1158 850 haufiritenfis.
1192 793 1350 835 Pierius.

24 866 147 905 modo
161 865 199 904 δε
213 863 343 902 Tibul.
355 864 423 915 1.4.
434 866 645 919 Qicunque
655 869 708 908 (θ’
719 875 842 903 cantus

19 921 259 976 capara-festia
270 926 405 965 livam,
421 920 492 959 hoc
502 921 569 967 est,
584 923 682 960 male
695 918 839 959 haben-

25 981 80 1019 tia
94 1007 106 1025 ,
137 989 186 1018 ut·
208 978 348 1018 Graecis
374 976 561 1027 καίμνονἾα
576 974 734 1029 σώμαἿοι
758 989 840 1016 tam

28 1033 208 1076 morbida
222 1063 235 1082 ‚
261 1047 375 1089 quam
385 1031 472 1074 laffi
488 1048 498 1073 ε
529 1037 622 1090 quin
636 1036 677 1074 δε
691 1035 842 1084 ›Quiv—

0 1118 1 1147 i
28 1108 105 1138 τες,
120 1094 160 1132 &
174 1093 401 1142 κεκμηκότες
420 1119 431 1137 ‚
445 1092 607 1131 mortui.
636 1098 840 1131 Germanus.

88 1163 178 1202 597.
210 1149 389 1204 Superee.]
414 1150 633 1202 supervivat
647 1175 661 1195 ‚
675 1144 839 1201 superfit.

29 1209 188 1246 Servius.

85 1269 230 1317 Superee
238 1265 406 1315 conjuxne
422 1260 585 1313 [rasin]
615 1257 676 1300 Est
688 1259 842 1314 quidem

28 1316 93 1358 hic
108 1323 246 1373 saperet
261 1347 273 1364 ‚
301 1330 342 1358 ut
368 1319 741 1373 Captaefhperavimus
754 1318 841 1357 urbi.

28 1377 78 1414 In
105 1375 404 1428 Longobardico
422 1387 553 1414 tamen
565 1373 841 1430 codice,super-

26 1432 82 1472 ei?
103 1433 268 1487 legitur:
307 1432 499 1484 elegantia
525 1430 624 1471 haud
651 1443 840 1485 quaquam

26 1488 123 1542 pari.
155 1488 253 1529 Illud
278 1489 397 1527 etiam
423 1487 679 1527 animadverti
703 1488 746 1527 in
771 1489 841 1527 ali-

28 1556 125 1599 quot
153 1559 198 1585 ex
219 1543 501 1599 antiquioribus
530 1543 727 1584 codicibus
764 1546 842 1596 pri-

32 1615 141 1642 mam
153 1602 322 1642 litteram
337 1630 348 1647 ,
366 1614 443 1654 quae
456 1601 562 1640 estin
578 1602 742 1641 nomine
757 1608 843 1641 Con-

29 1663 102 1715 jux
117 1685 132 1706 ,
159 1656 350 1698 inversam
363 1655 434 1697 effe
450 1658 521 1697 hoc
533 1658 653 1697 modo
669 1686 679 1701 ‚
702 1663 841 1712 Jonjux.

29 1728 76 1756 ea
87 1716 225 1771 quippe
238 1727 330 1755 nota
344 1744 356 1763 ,
381 1727 454 1770 qua
475 1716 553 1754 alab.
582 1715 655 1754 hoc
670 1713 741 1761 est,
769 1732 845 1754 con-

30 1774 169 1813 liberta.
209 1776 258 1812 In
271 1783 620 1812 monumentorum
631 1772 754 1812 titulis
765 1769 843 1825 pas

28 1827 98 1870 fim
111 1829 287 1870 cernitur.
322 1829 469 1869 Inverti
494 1841 584 1868 vero
605 1829 658 1868 ita
685 1829 847 1876 litteras,

28 1886 76 1927 in
101 1886 309 1927 Mulierum
348 1885 575 1926 nominibus
605 1885 848 1934 indicandis,

28 1943 238 1999 plurimum
254 1955 340 1983 mos
352 1941 437 1982 fuit.
472 1944 637 1984 Pierius.

89 2002 184 2055 598.
209 2003 458 2055 Asiamusque
467 2001 587 2053 paen]
611 1999 728 2039 filius
744 2013 753 2037 :
783 1996 825 2039 ut
837 2027 847 2044 ‚

27 2063 146 2111 Tuque
155 2073 306 2114 puerque
324 2069 414 2096 tuus.
447 2057 645 2102 Horatius,
659 2060 850 2110 Puerofique

32 2113 145 2155 Ledae.
180 2115 221 2154 &
247 2113 300 2153 est
315 2117 485 2153 Graecum
498 2142 514 2162 ‚
528 2126 619 2153 nam
633 2113 778 2156 mmm
791 2113 850 2153 di-

29 2182 134 2211 cunt.
178 2169 380 2210 Interdum
406 2180 536 2211 tamen
561 2171 679 2211 etiam
703 2169 752 2210 ad
763 2181 849 2210 aeta-

34 2237 115 2269 tem
129 2226 296 2267 refertur.
328 2230 484 2267 Servius.

94 2298 186 2338 599.
230 2287 370 2324 Circum
409 2282 578 2334 emam]
620 2282 722 2322 Mire
744 2282 844 2336 quafi

31 2352 245 2396 quaerentes
268 2351 450 2394 tanquam
465 2352 581 2393 prope
593 2337 665 2379 fint
676 2341 716 2378 δε
726 2339 848 2380 adhuc

38 2402 63 2428 *
78 2397 141 2439 sua
153 2410 269 2451 opera
281 2394 340 2437 sua
359 2409 438 2436 non
451 2407 638 2436 avertant.
670 2396 783 2435 Idem.

97 2458 235 2496 Circum
263 2466 384 2494 errant
413 2454 542 2505 aciem]
574 2457 622 2492 In
650 2466 685 2506 3.
704 2456 846 2506 Georg-

37 2509 177 2553 humili
191 2511 309 2552 verbo
321 2510 417 2550 dixit
428 2511 475 2550 de
486 2513 577 2563 lupo
599 2523 610 2546 ε

113 2590 185 2600 -—
213 2568 424 2622 necstabulis
437 2568 619 2607 noc'iumus
635 2566 846 2608 obambulat.

38 2626 168 2680 scalig.
183 2624 254 2684 ¹lib.
274 2637 408 2677 4-cap.
430 2639 490 2665 11.
521 2625 663 2664 Taubm.

56 2721 58 2723 ,
93 2686 145 2723 Ni
168 2698 246 2723 mea
267 2698 351 2723 cura
374 2681 546 2735 resistat]
580 2684 731 2721 Lucret.
750 2695 782 2733 ς.
798 2681 852 2720 Ni

41 2740 100 2780 vis
112 2738 417 2793 humanarcfist.1t.
452 2742 587 2777 Germ.

947 857 1115 896 Inimicus
1139 860 1190 899 (9⁵
1214 853 1375 906 hauserit
1398 849 1536 903 enfin]
1578 850 1638 891 Sic
1664 850 1706 891 δε

897 911 1037 951 Graecis
1050 908 1177 957 αἰφύειν
1190 905 1363 958 eiusdem
1375 906 1428 947 est
1441 906 1713 948 vehementiae:

895 970 1012 1008 Hom.
1043 968 1088 1008 11.
1107 982 1134 1007 ν.
1174 963 1243 1006 did
1256 965 1294 1003 θ’
1308 966 1438 1016 'iv-tt&
1450 964 1599 1019 χαλκὸς
1613 964 1706 1011 ἔφυ-

899 1038 949 1063 σῑ.
970 1026 1058 1065 &u
1081 1023 1115 1077 ξ.
1133 1023 1200 1063 did
1213 1023 1252 1060 d*
1265 1023 1396 1074 'ivngoe
1407 1024 1555 1077 χαλκὸς
1567 1019 1708 1070 ἄφνω-ε

896 1079 1060 1136 δῃώσας.
1092 1088 1206 1122 Germ.

953 1142 1125 1179 Inimicus
1147 1144 1199 1183 (9·
1220 1136 1376 1189 hauftrit
1385 1134 1511 1188 enfis.]
1543 1137 1635 1176 Non
1649 1132 1710 1175 di·

896 1193 976 1243 xit3
1001 1208 1109 1250 atque
1119 1193 1260 1249 hosticus
1271 1193 1431 1245 hauserit
1443 1193 1545 1244 ensis.
1574 1197 1657 1233 Vox
1667 1204 1710 1231 e·

898 1252 982 1291 nim
1018 1251 1160 1306 hosticus
1182 1247 1336 1291 fortasse
1358 1249 1487 1289 minus
1511 1248 1635 1288 valida
1658 1247 1707 1289 ad

901 1310 1055 1349 Heroici
1076 1307 1204 1349 robur.
1239 1306 1350 1349 Idem
1376 1305 1498 1360 magis
1510 1304 1706 1359 probavit,

895 1369 1060 1406 inimicus
1081 1374 1133 1411 (γ’
1154 1366 1312 1418 hauserit
1324 1362 1442 1415 enfis3
1466 1375 1581 1417 quam
1595 1391 1607 1408 ,
1633 1365 1709 1401 ini-

897 1427 1068 1476 micufiyue
1104 1424 1259 1476 hauserit
1292 1420 1390 1472 enfis.
1433 1423 1489 1459 Ut
1513 1418 1710 1472 expediret

898 1493 978 1519 rem
993 1480 1103 1520 fimul
1113 1491 1200 1520 cum
1213 1477 1366 1530 dactylo
1380 1505 1392 1523 ,
1406 1488 1489 1516 non
1502 1475 1555 1516 est
1569 1475 1712 1516 veritus

897 1536 1126 1590 postponere
1146 1535 1469 1584 conjunctionem
1483 1562 1496 1581 ,
1520 1535 1625 1582 cujus
1639 1545 1715 1572 na-

896 1605 982 1634 tura
1016 1594 1069 1634 est
1093 1592 1277 1647 praeponi.
1318 1591 1426 1631 Licet
1448 1591 1557 1630 enim
1581 1591 1711 1630 Poetae

895 1661 1029 1690 contra
1055 1663 1138 1691 tum
1162 1653 1263 1702 leges
1286 1659 1372 1687 tum
1385 1643 1709 1687 consuetudinem

894 1708 1014 1762 loqui.
1029 1711 1152 1763 Scalig.
1165 1709 1304 1756 lib.4.c.
1314 1707 1374 1748 16.
1391 1715 1443 1748 (9⁴
1455 1705 1522 1753 48.
1540 1702 1706 1743 Taubm.

956 1765 1049 1805 601.
1080 1762 1338 1817 tyndaridis]
1366 1761 1487 1814 Atqui
1514 1760 1624 1816 Jovis
1635 1759 1713 1809 est,

901 1833 982 1861 non
995 1821 1189 1876 Tyndarei
1201 1819 1290 1859 filia.
1300 1817 1369 1858 Sed
1380 1815 1426 1857 fic
1439 1816 1602 1857 dicimus
1618 1824 1712 1870 Tyn·

897 1877 1040 1919 daridis
1064 1878 1111 1918 de
1124 1878 1273 1917 Helena
1287 1904 1301 1923 ,
1323 1887 1365 1915 ut
1376 1874 1423 1914 de
1437 1876 1596 1914 Hercule
1607 1879 1713 1915 Am·

897 1935 1174 1989 phytrionlades.
1220 1937 1321 1974 Nam
1346 1932 1392 1972 de
1418 1935 1517 1989 Jove
1543 1933 1583 1971 &
1608 1931 1713 1971 Leda

902 1993 983 2032 nari
995 1989 1081 2033 sunt
1094 1993 1226 2031 Pollux
1241 1992 1281 2030 δε
1296 1991 1467 2029 Helena:
1494 1987 1542 2028 de
1555 1987 1713 2041 Tynda-

900 2062 968 2088 reo
983 2051 1023 2090 &
1036 2050 1140 2090 Leda
1155 2046 1291 2089 Castor
1302 2075 1315 2094 ‚
1341 2047 1407 2102 qui
1419 2042 1520 2085 solus
1532 2046 1713 2085 mortalis

900 2104 984 2146 fuit.
1012 2106 1130 2148 unde
1154 2105 1338 2159 Virgilius
1363 2105 1406 2143 in
1430 2100 1537 2143 sexto
1552 2130 1565 2148 ,
1590 2105 1714 2156 δίβα-

899 2175 990 2204 trem
1015 2164 1144 2204 Pollux
1167 2166 1305 2202 alterna
1329 2172 1437 2201 morte
1447 2159 1612 2200 redemit.
1644 2160 1712 2214 qui

901 2220 1241 2260 immortalitatem
1263 2215 1367 2258 suam
1390 2229 1477 2258 cum
1500 2215 1617 2256 fratre
1628 2229 1711 2268 par-

901 2277 992 2317 titus
1014 2276 1079 2317 est.
1111 2277 1301 2316 Helenam
1328 2287 1417 2314 vero
1444 2274 1711 2314 immortalem

899 2331 1004 2374 fuisse
1017 2334 1164 2373 indicat
1175 2344 1339 2386 tempus.
1367 2334 1467 2372 Nam
1479 2329 1626 2370 constat
1636 2329 1715 2370 fra-

900 2401 976 2429 tres
987 2393 1020 2438 ej
1027 2404 1068 2430 us
1077 2403 1163 2431 cum
1179 2388 1413 2443 Argonautis
1424 2385 1531 2428 fixisse
1542 2416 1556 2433 ,
1582 2391 1715 2440 Argo-

904 2458 1102 2487 nautarum
1130 2457 1260 2486 autem
1281 2444 1353 2485 filii
1376 2442 1570 2484 Thebano
1596 2449 1716 2485 Eteo-

903 2505 969 2543 clis
1000 2505 1039 2543 δε
1064 2503 1257 2557 Polynicis
1279 2501 1387 2542 bello
1411 2500 1709 2542 dimicaverunt.

904 2564 1004 2600 Item
1027 2562 1182 2601 illorum
1194 2559 1264 2600 filii
1287 2569 1422 2598 contra
1434 2560 1597 2606 Troiam
1611 2556 1715 2598 bella

902 2615 1104 2670 gesserunt.
1134 2620 1237 2671 Ergo
1263 2614 1288 2656 fi
1312 2615 1552 2655 immortalis
1565 2615 1715 2656 Helena

909 2688 990 2714 non
1003 2672 1128 2715 fuifl'et
1138 2703 1149 2720 ,
1167 2684 1227 2714 tot
1238 2671 1316 2712 fine
1328 2671 1448 2712 dubio
1461 2669 1590 2712 seculis
1603 2671 1716 2712 dura·

907 2745 948 2772 re
964 2745 1044 2772 non
1058 2729 1190 2784 poffet.
1204 2734 1314 2770 Hanc
1324 2741 1452 2770 autem
1462 2728 1626 2783 legimus
1637 2729 1718 2782 pti-

98 2797 194 2837 600.
233 2798 401 2848 Haufirit
425 2795 551 2847 enfin]
579 2798 659 2834 Aut
672 2789 852 2846 percufle-
912 2802 980 2828 mo
1001 2786 1024 2829 a
1046 2786 1195 2828 Theseo
1216 2799 1391 2840 raptam:
1417 2787 1458 2827 ὅ(
1479 2788 1522 2826 in
1548 2790 1717 2840 AEgypto

43 2852 120 2894 rit:
147 2863 189 2893 ut
202 2880 216 2901 ‚
241 2859 344 2893 latus
359 2853 477 2892 haurit
487 2865 659 2908 apertum.
686 2855 769 2891 Aut
782 2862 855 2890 vo·
907 2845 1224 2886 commendatam
1243 2843 1429 2893 Protheo,
1446 2843 1520 2884 alia
1541 2841 1667 2883 fabula
1689 2841 1714 2884 εὶ

45 2910 198 2951 raverit.
235 2914 391 2950 Servius.

914 2902 1046 2945 Paride
1069 2914 1217 2956 raptam
1231 2929 1246 2949 ,
1268 2902 1309 2941 δι
1332 2913 1421 2941 cum
1448 2899 1496 2940 ad
1507 2904 1716 2954 AEgyptum

102 2969 268 3006 Inimicus
293 2973 344 3011 (9‘
364 2964 659 3017 baufiritenfis]
693 2966 742 3003 In
753 2964 855 3002 anti-
913 2973 998 3001 cum
1023 2973 1068 3000 ea
1091 2956 1406 3008 iffetaProtheQ
1421 2958 1582 3012 cognito
1594 2971 1719 3012 raptu,

46 3023 131 3078 quis
143 3020 326 3078 plerisque
338 3021 533 3062 codicibus
543 3023 669 3076 legere
681 3019 734 3061 est
748 3048 763 3069 ,
786 3022 859 3059 ini·
914 3015 1144 3060 subtractam
1156 3015 1281 3057 Paridi
1292 3015 1396 3056 dicit.
1432 3019 1592 3056 Servius.

43 3083 152 3121 micus
177 3081 399 3138 &hauserit
419 3080 525 3135 ensis.
549 3092 620 3135 pto
633 3080 862 3135 inimicusque

971 3079 1091 3117 facies
1116 3077 1250 3130 invifit.
1268 3076 1281 3125 l
1314 3070 1559 3114 Pulehtitudo
1573 3070 1726 3111 Helenae

1233 3134 1265 3171 E
1277 3144 1299 3173 e
1325 3145 1352 3182 4
1581 3124 1734 3176 odiosa,
