2037 3787
428 150 885 209 AENEIDos

969 150 1135 211 Lm.
1178 153 1270 213 ΙΙ.
1585 159 1688 235 381

144 262 310 316 Arma
323 275 499 312 amens
516 255 665 333 capio
681 279 698 324 3
714 274 810 312 nec
831 251 901 311 sat
918 255 1126 312 rationis
1141 255 1195 311 in
1211 254 1361 315 armis
1379 279 1395 314 t

23 358 120 418 315
143 339 243 397 Sed
261 339 550 419 glomerare
569 358 780 393 manum
796 336 939 394 bello
956 375 973 402 ‚
994 344 1048 395 δε
1067 358 1373 396 concurrere
1387 338 1439 396 in
1457 361 1631 401 arcem

143 407 285 481 Cum
298 417 444 477 sociis
460 419 642 477 ardent
659 419 833 479 animis

872 416 1012 477 furor
1023 421 1196 499 iraque
1212 438 1449 480 mentem

140 503 464 581 Praecipitant
487 532 503 576 3
521 500 892 582 pulchrumque
910 503 1045 561 mori
1058 501 1295 560 succurrit
1310 505 1361 562 in
1378 506 1551 567 armis.
1568 579 1574 583 ι

139 579 283 644 Ecce
299 602 469 641 autem
484 585 600 641 telis
617 582 842 644 Panthus
856 583 1052 664 elapsus
1068 583 1356 653 Achivum,

135 667 364 730 Panthus
382 667 679 747 Othryades
693 707 711 737 ‚
727 669 852 726 arcis
869 666 1167 748 Phoebique
1182 666 1438 738 sacerdota,

1543 756 1691 816 Sacra

77 876 94 916 3
107 878 164 917 14.
198 873 357 910 Amans.
367 867 386 920 ]
398 867 477 924 Qi
492 880 561 909 nec
572 865 738 909 somniis
749 880 829 908 cre·
879 882 1022 907 manum
1034 893 1047 913 ‚
1063 865 1102 906 id
1115 865 1169 908 est
1184 895 1199 917 ‚
1213 869 1311 910 cives
1323 869 1370 912 ad
1382 869 1528 913 bellum
1540 886 1692 930 cogere:

15 917 97 960 didi
113 941 123 970 3
139 935 210 963 nee
220 926 330 968 rebus
341 924 513 978 aspa-stis.
543 925 731 981 Qamvis
743 926 827 980 qui-

15 976 106 1017 dam
129 977 176 1019 fic
189 993 395 1036 exponant,
407 984 537 1036 Capio
552 996 633 1022 non
648 983 827 1022 manibus

18 1032 204 1086 interim,
228 1038 290 1081 sed
315 1041 480 1086 animo,
503 1051 593 1080 narn
606 1040 776 1079 intentio
786 1052 826 1079 e-

15 1102 101 1130 rat:
135 1106 230 1151 ergo
250 1099 344 1154 capio
356 1124 373 1147 ,
398 1097 522 1150 placet
545 1096 643 1136 mihi
664 1094 822 1137 sumere.

20 1149 141 1191 Idem.

73 1206 261 1258 Amen]
291 1207 489 1249 Omnibus
502 1208 686 1260 adversis,
713 1221 825 1249 men—

19 1270 60 1301 te
73 1263 223 1302 turbata
238 1289 253 1310 ‚
268 1276 351 1303 non
363 1266 406 1305 in
416 1264 546 1319 fugam
561 1294 576 1314 ‚
589 1263 651 1306 sed
667 1267 708 1306 in
721 1278 827 1306 arma

17 1320 269 1360 convertitur.
300 1323 350 1360 Et
372 1323 505 1376 quaetit
527 1335 687 1362 manum
701 1320 827 1362 socio-

18 1387 106 1415 rum
119 1404 135 1424 ,
160 1374 298 1430 quibus
308 1388 433 1418 arcem
450 1407 464 1428 ‚
475 1377 617 1419 amiffis
630 1381 710 1431 jam
727 1393 830 1420 moe-

15 1429 155 1478 nibus,-
176 1430 371 1473 defendat.
396 1440 569 1476 Donatus.
740 1484 744 1486 μ

77 1495 206 1531 Arma
228 1491 371 1543 capio-J
404 1492 461 1531 Sic
490 1495 532 1532 &
558 1493 698 1533 Graecis
722 1493 829 1534 ὅπλα

15 1543 232 1599 «λοιμζοίνειν
242 1543 447 1588 familiare.
473 1556 589 1590 Germ.

74 1607 199 1644 Arma
210 1606 370 1658 amens.]
401 1609 566 1647 Notetut
578 1605 770 1647 anhelitus
782 1606 826 1646 in

14 1656 156 1699 iterata
183 1660 322 1700 vocalis
347 1663 534 1704 vastitate.
581 1663 642 1703 Sic
669 1677 706 1715 5.
734 1668 826 1706 AEn.
850 1683 853 1690 ·

7 1717 87 1770 sale
102 1719 196 1769 [ἑυνα
211 1718 404 1770 finabant.
432 1719 530 1763 Vide
554 1720 690 1775 Scalig.
704 1719 773 1760 lib.
786 1734 827 1773 4.

14 1783 104 1828 cap..
115 1774 182 1825 48.
214 1775 358 1815 Taubm.

17 1848 20 1852 ·
74 1831 145 1870 Sat
156 1832 340 1883 rationis]
361 1833 562 1888 Qoniam
575 1845 726 1880 amens,
738 1832 830 1874 ideo

18 1898 93 1928 nec
101 1884 157 1927 sat
168 1888 346 1928 rationis.
375 1901 439 1929 aut
450 1889 652 1932 ostendere
664 1892 744 1931 vult
753 1891 829 1944 pri-

20 1956 127 1984 mam
153 1945 191 1984 ei
212 1945 493 1999 cogitationem
516 1945 624 1987 fuiffe
636 1947 683 1987 de
694 1950 831 2001 patria,

13 1997 80 2042 sed
102 1997 355 2042 subveniendi
380 2004 416 2043 ei
429 2005 546 2045 armis
562 2006 711 2044 nullam
723 2003 829 2045 fuiffe

14 2056 214 2098 rationem
229 2087 241 2104 ,
254 2058 412 2100 ardente
424 2062 433 2109 j
439 2074 502 2100 am
515 2060 651 2115 patria,
665 2075 831 2116 quomo-

17 2113 74 2154 do
97 2114 203 2155 enim
225 2114 421 2156 incensam
432 2119 632 2159 civitatem
646 2118 830 2160 defende·

18 2175 104 2213 tet?
138 2175 293 2212 Servius.

13 2251 16 2255 ⁴
74 2231 214 2280 Necsat
227 2229 374 2269 rationis
386 2232 423 2269 in
433 2230 585 2282 armis-J
617 2230 721 2287 Qd·
738 2235 831 2274 Non

18 2285 163 2326 mirum
175 2284 310 2331 est,me
321 2299 426 2326 arma
435 2284 570 2340 cepiffe
578 2285 656 2329 fine
669 2290 834 2329 ratione:

16 2340 124 2382 furor
141 2343 253 2384 renim
280 2344 320 2382 &
345 2343 401 2382 ira
414 2355 587 2383 mentem
601 2346 834 2399 ptaecipitant

19 2395 129 2439 homi
136 2412 242 2439 num.
274 2403 390 2440 Forte
414 2398 488 2440 hoc
514 2402 590 2442 vult
613 2400 692 2442 oste
699 2403 833 2449 ndeoe,

19 2455 187 2509 primam
201 2457 235 2495 ei
250 2457 531 2510 cogitationem
544 2458 593 2497 de
606 2459 730 2500 Patria
742 2458 833 2499 fuis-

17 2509 58 2552 se
70 2541 82 2558 ‚
122 2513 186 2554 sed
207 2511 461 2554 subveniendi
485 2515 521 2553 ei
543 2515 661 2554 armis
685 2517 831 2556 nullam

14 2566 126 2610 fisifl'e
137 2571 345 2610 rationem.
360 2569 440 2624 Qi
452 2572 559 2610 enim
572 2569 765 2612 incensam
777 2573 833 2612 ci-

19 2626 180 2667 vitatem
195 2626 446 2669 defenderet?
471 2630 592 2668 Porro
603 2629 650 2668 ad
666 2629 764 2670 hunc
775 2631 834 2670 lo-

17 2695 107 2724 cum
121 2687 216 2725 scal.
228 2684 296 2724 lib.
317 2697 350 2737 3.
368 2697 446 2738 cap.
458 2698 517 2726 rr.
535 2687 651 2726 Acuit
667 2716 677 2732 ,
693 2688 835 2743 inquit,

18 2752 105 2780 am
116 2740 391 2782 fortitudinem
405 2742 446 2782 in
459 2739 606 2782 summa
619 2757 745 2784 rerum
760 2756 836 2784 tre—

21 2797 224 2852 pidatione
237 2827 249 2845 ,
282 2810 395 2853 atque
407 2796 700 2853 desperatione,
726 2802 780 2841 ita
795 2812 836 2842 ut

23 2855 145 2896 etiam
156 2867 266 2896 exeat
279 2855 321 2895 in
333 2855 550 2904 audaciam,

73 2917 204 2954 Arma
216 2928 340 2953 amens
349 2916 446 2969 capio
457 2942 472 2961 ,
495 2916 628 2966 necsaet
639 2915 785 2956 rationia
797 2915 834 2955 in

158 2971 271 3010 ¹armbs
287 2986 301 3009 .·

9 3022 172 3079 *Qtippe
184 3023 297 3066 solus.
324 3030 424 3079 quo?
437 3024 598 3081 quibus?
611 3039 734 3081 neque
747 3026 837 3075 dux,

21 3080 212 3136 nequesub
226 3083 467 3134 duce.sperat
480 3085 834 3137 tamemproponit-

0 3149 91 3196 *qne
104 3137 171 3181 fibi
187 3141 257 3183 viri
268 3139 380 3182 fiatis
393 3138 554 3183 fastum:
569 3140 640 3195 fid
645 3147 836 3199 glomerare

874 924 1039 977 apponit
1063 924 1265 965 confilium
1280 957 1292 975 ,
1317 933 1362 967 Et
1374 945 1571 971 concurrere
1580 936 1620 972 in
1632 949 1695 974 ar-

873 995 944 1020 cem
962 981 1157 1034 :adjtmgit
1165 980 1368 1032 ferociam,
1381 985 1482 1040 quafi
1494 986 1692 1032 stimulum

879 1037 1052 1077 virorum
1077 1035 1239 1079 fortium
1253 1068 1267 1088 ,
1286 1048 1393 1082 Furor
1403 1046 1526 1098 iraque
1538 1059 1694 1088 mentem

875 1097 1114 1149 Praecipitant.
1133 1097 1269 1152 Itaque
1280 1099 1697 1157 concludit‚pulchrum-

877 1166 943 1204 que
954 1155 1041 1191 mori
1045 1154 1218 1203 sicccurrit
1229 1156 1267 1194 in
1280 1158 1403 1204 armis,
1413 1163 1493 1202 &a
1510 1160 1604 1202 Vide
1616 1159 1695 1202 ibi·

879 1207 971 1248 dem
986 1209 1109 1260 plura.
1141 1211 1290 1251 Taubm.

938 1279 954 1318 3
970 1279 1028 1317 [ς.
1061 1265 1187 1319 Bello-J
1213 1267 1278 1307 Ad
1294 1267 1457 1315 bellurn,
1485 1276 1648 1314 Servius.

935 1327 1142 1362 Concurrere
1154 1327 1192 1363 in
1203 1327 1354 1378 arcem]
1370 1325 1484 1382 QJod
1499 1330 1590 1370 inde
1603 1329 1696 1373 faci-

876 1377 913 1418 le
926 1377 1040 1432 possit
1051 1382 1247 1434 pugnari*
1264 1381 1448 1425 hostibus.
1477 1387 1592 1427 Idem.

939 1436 1032 1487 316·
1073 1443 1178 1477 Furor
1199 1440 1322 1491 iraque
1357 1454 1507 1483 mentem
1530 1447 1701 1502 Pracipi-

882 1494 999 1546 tant.]
1029 1493 1154 1534 Potest
1169 1496 1325 1550 quidem
1340 1494 1548 1551 specialiter
1556 1503 1695 1557 accipi,

878 1548 918 1588 id
931 1548 982 1589 est
997 1577 1013 1598 ,
1033 1562 1209 1591 mentem
1225 1566 1350 1593 meam
1365 1554 1472 1596 furor
1485 1558 1590 1598 &ira
1602 1573 1698 1613 pra:-

875 1605 1128 1659 cipitaverunt
1145 1622 1155 1647 z
1185 1606 1248 1649 sed
1272 1613 1410 1652 melius
1434 1612 1487 1654 est
1499 1617 1697 1668 generali-

879 1674 964 1703 ter:
994 1665 1085 1704 Non
1112 1665 1258 1705 mirum
1282 1668 1358 1717 est,
1372 1682 1434 1709 me
1444 1683 1551 1711 arma
1559 1671 1701 1727 cepiss'e

877 1718 956 1760 fine
966 1721 1118 1761 ratione
1131 1736 1142 1760 ε
1157 1721 1264 1763 furor
1273 1726 1382 1766 enim
1397 1728 1438 1767 δε
1451 1729 1505 1767 ira
1518 1738 1699 1771 mentem

880 1778 1126 1831 praecipitant.
1159 1780 1277 1822 Idem.

936 1847 956 1886 3
969 1848 1028 1885 17.
1045 1836 1273 1894 Pulchrumq‘x
1285 1839 1409 1891 mori.]
1421 1839 1512 1881 Non
1525 1853 1606 1882 erat
1616 1839 1701 1896 spes

882 1891 1064 1937 victoriae,
1079 1890 1142 1933 sed
1155 1906 1323 1935 armatus
1336 1897 1457 1950 magis
1468 1911 1584 1952 quam
1595 1900 1704 1940 iner-

881 1948 956 1987 mis
971 1977 982 1994 ,
1015 1949 1207 2002 pulchram
1231 1964 1403 1993 mortem
1426 1954 1703 2009 ignominiosae

881 2007 966 2046 vitae
978 2007 1235 2060 praeponebat.
1266 2015 1440 2051 Donatus.

941 2065 1154 2117 Succurrit]
1183 2066 1303 2106 Ratio
1316 2067 1387 2108 viri
1397 2067 1512 2108 fortis
1526 2099 1539 2118 ,
1556 2069 1648 2125 quid
1658 2084 1699 2125 ε-Ι

882 2119 966 2158 nim
979 2121 1082 2161 aliud
1095 2119 1116 2161 a
1133 2120 1240 2162 bono
1251 2124 1333 2163 cive
1347 2125 1387 2164 ὅ(
1401 2124 1496 2165 forti
1512 2154 1528 2175 ‚
1557 2126 1699 2168 amiffae

881 2177 1009 2228 patriae
1021 2177 1133 2231 possit
1146 2180 1333 2234 impendi.
1367 2183 1622 2233 &Succurrit,
1652 2186 1698 2227 in

881 2246 1058 2274 animum
1073 2237 1191 2276 venit.
1221 2240 1381 2278 Servius.

940 2303 958 2343 3
973 2293 1033 2332 18.
1063 2297 1147 2333 Ecce
1168 2296 1326 2347 autem]
1357 2293 1537 2336 Adventu
1563 2299 1703 2340 Panthi

882 2343 987 2400 spem
1017 2361 1243 2402 conceptam
1267 2352 1364 2391 arcis
1385 2351 1637 2395 defendendae
1659 2370 1703 2396 a-

885 2404 1025 2444 mittit.
1068 2410 1123 2445 At
1138 2407 1204 2446 ille
1217 2420 1299 2447 non
1313 2419 1421 2449 metu
1433 2409 1559 2450 hostili
1574 2412 1702 2452 deter-

883 2461 980 2500 ritus
991 2473 1085 2508 erat,
1102 2473 1144 2502 ut
1157 2477 1238 2503 non
1249 2463 1367 2504 ferret
1379 2462 1504 2506 secum
1519 2469 1701 2525 quicquid

884 2516 1047 2557 deorum
1071 2519 1113 2558 in
1130 2532 1214 2559 arce
1225 2521 1430 2562 colebatur.
1465 2523 1647 2565 Portabat
1660 2541 1701 2570 e-

886 2575 970 2613 nim
984 2572 1098 2622 sacra,
1114 2578 1152 2616 ὃ(
1168 2577 1262 2617 deos
1274 2579 1415 2626 victos,
1428 2591 1470 2619 ut
1482 2580 1702 2627 ostenderet

886 2630 1097 2672 humanum
1121 2635 1305 2674 auxilium
1329 2634 1603 2679 adverfiaseam
1617 2642 1698 2684 vim

886 2700 969 2729 non
981 2687 1090 2729 fuisse
1102 2689 1347 2732 necessarium
1361 2721 1373 2740 ,
1399 2689 1457 2733 cui
1470 2694 1536 2748 ipfi
1549 2709 1706 2754 quoque

884 2744 939 2784 dii
964 2744 1127 2787 resistere
1144 2761 1218 2802 pro
1231 2748 1364 2791 senon
1375 2761 1596 2805 potuerant.
1628 2761 1703 2797 Do·

885 2814 1005 2841 natus.

942 2862 1118 2914 Elapfics]
1148 2860 1318 2903 Verbum
1328 2874 1462 2917 aptum
1476 2863 1550 2914 his,
1562 2868 1627 2924 qui
1642 2870 1704 2911 vix

885 2914 1097 2958 evaserunt.
1127 2922 1281 2959 Servius.

944 2986 1036 3027 319.
1081 2975 1247 3015 Panthus
1271 2976 1477 3032 Othryader.
1498 2980 1518 3032 ]
1560 2981 1703 3025 Everff)

887 3029 963 3069 Ilio
973 3030 1024 3070 ab
1036 3034 1197 3071 Hercule
1211 3060 1226 3080 ,
1250 3035 1290 3073 ἃ
1303 3031 1430 3074 occiso
1444 3040 1703 3081 Laomedon-

886 3096 948 3133 te,
975 3089 1148 3128 Priamus
1172 3089 1343 3135 iudicans
1357 3093 1453 3132 vitio
1467 3096 1595 3147 potins
1607 3096 1700 3146 loci,

885 3156 1001 3200 quam
1024 3147 1081 3188 ira
1106 3145 1224 3188 deum
1249 3148 1508 3192 calamitatem
1533 3152 1704 3195 accidiae

1559 3213 1711 3264 patriae,
