2037 3787
297 207 299 210 .
500 148 560 206 AE
593 168 631 205 N
664 166 696 205 E
734 167 755 204 1
788 162 827 204 D
862 167 898 202 ο
934 163 958 201 ς

184 245 419 331 Illyricos
452 263 724 324 penetrare
740 246 902 311 finus,
932 261 1087 325 atque
1100 244 1434 306 intimaturus

55 462 268 518 fineftaude
282 465 429 516 frojam.
464 459 540 500 hoc
562 459 633 507 est,
659 459 736 502 fine
750 459 882 513 prodi-

63 521 188 567 tione,
201 532 280 574 quae
293 518 447 573 quidem
460 515 649 558 excusatio
663 532 744 558 non
759 530 877 558 vacat.

60 589 183 618 nemo
204 576 311 615 enim
336 572 483 614 excusat
515 573 585 614 nifi
610 588 692 615 rem
723 577 879 628 plenam

59 631 299 686 suspicionis.
324 629 484 672 sisenna
496 642 630 671 tamen
646 632 739 672 dicit
753 629 876 671 solum

59 694 311 730 Antenorem
321 685 526 742 prodidisse
546 703 555 727 :
583 703 698 744 quem
722 689 750 729 si
778 690 875 729 veli-

63 759 151 788 mus
174 743 282 800 sequi
298 774 309 790 ,
339 758 524 799 augemus
552 748 770 800 exemplum
787 759 797 783 z
842 745 880 785 si

16 856 19 859 Ι
63 814 199 859 regnat
210 801 402 856 proditor,
417 815 480 842 cur
493 803 575 855 pius
589 815 743 857 vagatur
758 807 771 844 ?
795 806 879 842 An-

62 870 180 902 tenor
202 869 332 900 autem
362 859 415 899 ob
447 859 518 899 hoc
546 861 710 900 creditur
743 860 881 900 Graecis

15 946 22 955 .
60 917 228 972 patriam
254 915 485 968 prodidisse,
512 919 600 971 quia
614 917 705 958 ficut
716 915 882 970 superius

61 975 210 1016 distum
223 973 336 1020 est‚&
351 975 483 1014 au6tor
496 974 697 1014 reddendae
711 976 878 1018 Helenae,

64 1032 266 1085 &legatos
277 1030 330 1070 ob
343 1029 416 1070 hoc
429 1032 627 1071 venientes
638 1028 727 1070 susci
736 1029 882 1083 plebat,

65 1089 108 1130 δι
135 1089 301 1142 Ulyxem
326 1087 497 1128 mendici
525 1087 657 1129 habitu
684 1089 876 1142 agnitum,

63 1157 150 1188 non
164 1144 349 1198 prodidit.
379 1147 529 1185 Servius.

127 1202 330 1254 Ammon]
357 1206 453 1241 Sunt
474 1200 540 1255 qui
562 1202 812 1240 Antenorem
823 1196 884 1240 fa·

65 1257 172 1299 ciant
205 1259 446 1312 proditorem
467 1258 648 1306 Troiana:
673 1256 788 1296 urbis.
834 1261 882 1298 In

69 1314 130 1354 his
146 1316 279 1369 Dictys
295 1313 362 1354 lib.
381 1329 414 1366 5.
447 1314 510 1369 qui
524 1314 579 1354 ait
594 1343 606 1361 ,
631 1312 725 1363 juffu
738 1314 881 1355 Priami

63 1370 175 1412 ivisse
184 1372 231 1412 ad
249 1375 399 1411 Graecos
410 1383 497 1411 cum
512 1371 699 1412 mandato
712 1370 803 1411 belli
816 1372 885 1411 cle-

64 1428 237 1482 ponendi
253 1456 264 1474 ,
275 1428 387 1468 illum
403 1440 533 1468 tamen
547 1428 596 1468 de
608 1428 805 1482 prodenda
818 1442 886 1482 pa-

64 1486 139 1526 tria
148 1486 324 1526 cumillis
335 1483 536 1525 confilium
550 1483 676 1525 iniisse
690 1500 700 1525 ε
715 1487 757 1525 ὅ(
769 1499 879 1526 enar-

65 1554 169 1595 rator
181 1541 469 1597 Lycophronis:
503 1555 594 1583 narn
622 1543 710 1583 huic
736 1543 800 1582 dat
822 1555 885 1582 ac-

56 1597 218 1640 ·censam
230 1602 425 1640 lucernam
437 1599 484 1638 ad
499 1601 696 1640 vocandos
707 1605 884 1648 Danaos,

71 1658 111 1697 ὃ(
125 1655 375 1699 reclusionem
393 1657 479 1710 equi
491 1657 626 1711 lignei.
678 1661 887 1697 Enarrato-

68 1714 122 1754 ris
133 1712 265 1754 verba:
300 1711 485 1763 Α’ντίώωρ
509 1714 534 1764 ’5
566 1713 677 1763 φοινὸν
703 1713 885 1754 α’νοέπἸων

75 1772 156 1812 τοῖς
180 1769 326 1812 Ε’Ᾱλκσι
340 1798 351 1817 ,
380 1770 411 1824 ιζ,
426 1768 475 1811 πὶ
490 1769 715 1821 {myas-eea.
729 1771 761 1813 2³5}
773 1771 884 1812 Yam-3

69 1828 206 1880 ιίιοίγᾴ.
241 1832 338 1868 Sunt
362 1829 427 1882 qui
444 1829 554 1868 illurn
568 1828 736 1868 liberent
750 1829 797 1868 ab
813 1828 885 1869 hoc

66 1886 258 1931 crimine,
289 1885 494 1939 dicantque
513 1883 623 1925 fuiss'e
646 1886 771 1925 virum
802 1887 886 1926 vitae

67 1940 268 1983 fianffitate
282 1969 294 1988 ‚
309 1943 349 1981 δε
363 1955 518 1982 morum
532 1943 717 1997 gravitate
731 1956 870 1984 notum
882 1974 891 1982 .

71 1995 242 2039 Inclinat
255 2000 296 2038 in
311 1999 406 2038 hanc
420 2009 568 2052 partem
581 2001 759 2053 Virgilius
775 2019 811 2050 ‚f
820 2002 885 2055 qui

65 2059 216 2112 elapsum
248 2057 303 2095 ait
319 2084 330 2102 ‚
361 2069 437 2110 quo
459 2055 547 2110 fuga
571 2059 773 2105 innuitur,
807 2072 888 2097 non

67 2111 233 2168 pastum.
262 2114 392 2152 Livius
403 2124 558 2153 tantum
568 2116 637 2161 ait,
651 2113 760 2154 firifl'e
772 2116 886 2155 illum

68 2182 145 2210 uua
156 2182 241 2209 cum
255 2173 382 2210 AEnea
393 2172 591 2211 austorem
604 2173 706 2226 pacis
736 2175 775 2213 δε
801 2173 888 2213 red·
924 2174 926 2177 ’

75 2226 207 2268 dendae
220 2228 385 2266 Helenae.
420 2226 554 2268 cerda.

130 2284 291 2334 Potuit]
320 2285 405 2322 Plus
429 2283 481 2323 est
505 2285 609 2341 quod
632 2286 727 2326 dixit
752 2289 885 2342 potuit,

73 2352 159 2379 non
171 2342 313 2380 meruit.
343 2341 502 2380 Servius.

130 2397 287 2448 Potuit]
301 2399 564 2444 G.Canterus,
580 2402 677 2439 Nov.
693 2401 798 2439 Lest.
815 2400 881 2440 1.2.

71 2465 109 2491 c.
128 2469 161 2494 2.
179 2465 289 2492 notat
306 2481 317 2498 ,
347 2466 491 2492 veteres
504 2456 674 2508 eleganti
688 2455 891 2508 periphrasi

71 2508 204 2549 dixisse
219 2539 231 2555 ,
260 2511 410 2564 Potuzffi
423 2524 536 2564 quem
550 2512 667 2551 dicere
683 2541 693 2558 ‚
710 2514 770 2552 vel
772 2517 892 2562 facere

76 2566 221 2620 aliquid
239 2586 248 2615 3
277 2579 346 2620 pro
359 2567 505 2620 clixzffi‘‚
517 2569 574 2607 vel
579 2572 702 2623 ficzsst
715 2587 728 2609 .·
758 2582 798 2608 ut
815 2568 892 2617 hic,

72 2629 243 2664 Ansenor
251 2628 364 2679 potuit
378 2623 478 2665 finus
488 2638 678 2679 penetrare
693 2656 705 2674 ,
721 2639 807 2681 pto,
825 2640 889 2681 pe-

76 2682 259 2720 netravit.
291 2685 350 2720 Ita
365 2695 405 2730 7.
421 2686 510 2722 AEn.

159 2759 263 2770 ——-
289 2741 505 2794 nillinquere
517 2741 684 2794 inauficm

136 2798 226 2850 Qae
245 2798 341 2848 potui
363 2798 505 2846 infelix,

77 2849 116 2890 id
136 2850 214 2897 est,
236 2851 523 2895 nibilinaufum
536 2852 689 2909 reliqui.
719 2859 806 2897 ΕΠ.
830 2868 891 2897 12.

80 2910 253 2955 Turnus,

285 2969 401 3020 misbri
425 2978 461 3007 te
475 2967 511 3019 si
529 2969 771 3023 quaparentis

134 3027 290 3078 Tangere
309 3039 390 3063 cura
412 3023 534 3078 potest,

74 3077 115 3119 id
127 3078 195 3125 est,
210 3081 347 3133 tangit.
368 3083 539 3134 Propert.
551 3081 578 3120 1.
595 3094 629 3134 3.

131 3140 173 3177 fe
186 3135 231 3177 de
243 3152 297 3178 me
305 3149 445 3196 poterat
459 3141 607 3195 quilibet
626 3140 695 3194 effe
707 3142 852 3196 loquax,

1044 146 1206 208 Lrss.
1251 149 1296 206 Ι.
1659 167 1761 226 117

1568 327 1758 405 Regna

930 459 969 500 id
982 459 1036 500 est
1051 490 1061 508 ,
1075 459 1318 515 loquebatur.
1344 462 1483 500 Horat.
1498 457 1540 499 in
1553 464 1676 500 Arte:

990 519 1245 575 Qidficperat
1260 521 1427 574 ,2poteras
1439 515 1584 570 diunysi,
1611 524 1695 562 (φτ.

934 578 1085 613 Onmes
1111 577 1236 615 Po'e'tae
1250 603 1262 621 ,
1307 575 1348 614 δε
1381 574 1562 627 inprimis
1591 574 1757 616 Ovidius

931 631 1066 683 plenus
1078 632 1132 670 est
1147 632 1298 671 talium.
1330 632 1476 672 Taubm.

979 690 1310 742 „Antenorpotuitj
1325 688 1632 741 Compar-atione
1644 683 1666 726 a
1681 686 1759 726 mi-

936 756 1032 783 nore
1053 744 1099 783 ad
1115 749 1238 794 majus
1254 774 1265 792 ,
1294 755 1492 798 exaggerat
1505 757 1720 785 moerorem
1737 761 1750 783 .-

935 805 1121 840 Antenor
1144 815 1236 854 ergo
1256 803 1402 842 alienus
1428 798 1450 841 ὲ
1478 799 1754 842 neceflitudine

934 869 1015 904 tua,
1031 856 1152 898 horno
1166 858 1322 898 humilis
1337 861 1375 897 ὅ(
1393 856 1599 913 depressus,
1614 871 1755 899 manus

932 913 1098 954 hostium
1111 917 1238 969 potuit
1250 914 1432 968 effugere.
1464 922 1641 956 Donatus.

986 972 1165 1027 Elapfias.]
1192 969 1388 1012 Invidiose
1403 973 1531 1013 noluit
1543 973 1668 1013 dicere
1689 972 1762 1013 di<

931 1030 1065 1085 miffitf,
1089 1027 1152 1068 sed
1165 1032 1322 1086 Elapsus.
1358 1031 1524 1068 Servius.

989 1087 1196 1139 Achivis]
1228 1085 1294 1126 Ab
1318 1085 1460 1126 Achaeo
1486 1088 1526 1126 ὃ(
1552 1085 1701 1126 Pithiae.
1726 1086 1750 1113 *

884 1164 898 1177 s
932 1140 1048 1186 Idem.

992 1212 1089 1253 243.
1121 1199 1281 1256 lHyrt‘cos
1291 1211 1478 1256 penetrare
1495 1199 1635 1252 finan]
1662 1202 1754 1239 An-

932 1265 1048 1296 tenor
1062 1270 1145 1297 non
1160 1258 1356 1313 Illyricum
1371 1287 1382 1305 ,
1412 1270 1494 1297 non
1511 1255 1756 1304 Liburniam,

928 1309 990 1351 sed
1004 1315 1209 1356 Venetiam
1225 1316 1366 1355 tenuit.
1399 1314 1490 1354 ideo
1514 1325 1642 1354 autem
1664 1313 1756 1354 Vir-

930 1371 1045 1423 gilius
1058 1371 1154 1411 dicit
1166 1399 1178 1418 ,
1212 1372 1372 1425 Illyricos
1391 1372 1492 1423 finus
1507 1400 1519 1418 ‚
1545 1371 1651 1425 quod
1662 1370 1755 1410 inde

935 1428 1044 1468 venit
1067 1428 1224 1482 quidam
1240 1434 1412 1469 Henetus
1426 1442 1490 1468 rex
1507 1458 1518 1475 ‚
1548 1429 1613 1483 qui
1627 1434 1755 1469 Vene-

932 1484 1029 1524 tiam
1044 1486 1172 1526 tenuit
1188 1505 1197 1534 ς
1213 1484 1234 1526 a
1246 1488 1352 1537 cujus
1366 1488 1531 1526 nomine
1545 1487 1754 1526 Henetiam

934 1540 1078 1582 dietam
1094 1571 1108 1592 ‚
1135 1542 1274 1596 posteri
1297 1547 1491 1586 Venetiam
1518 1544 1756 1583 nominave-

930 1611 1035 1640 runt.
1069 1600 1188 1641 Idem.

992 1656 1151 1710 Ilhuricos
1184 1656 1410 1712 penetrare]
1439 1658 1574 1699 Voluit
1594 1656 1761 1696 demon-

935 1710 1050 1753 strare
1062 1712 1329 1754 difficultatem
1343 1714 1595 1768 perveniendi
1613 1743 1625 1762 ,
1657 1715 1698 1754 δε
1711 1714 1759 1754 ad

938 1768 1096 1811 hostiles
1108 1783 1233 1824 partes
1245 1771 1498 1825 penetrandi,
1529 1785 1609 1827 quae
1621 1773 1759 1812 omnia

933 1825 1028 1868 facit
1044 1858 1055 1874 ,
1078 1828 1192 1870 diffis
1218 1826 1405 1882 posterius
1430 1830 1602 1869 annexis.
1649 1836 1760 1869 Pene-

938 1897 1035 1925 trare
1046 1886 1154 1926 enim
1167 1886 1220 1926 est
1231 1888 1384 1940 penitus
1397 1886 1542 1926 intrare
1552 1915 1567 1935 ‚
1608 1887 1756 1938 &sinus

938 1938 1024 1982 sunt
1048 1942 1208 1983 recessus
1223 1956 1408 1983 terrarum
1425 1946 1576 1996 penitus
1589 1955 1761 1983 remota-

938 2011 1023 2039 rum
1039 2028 1050 2047 ,
1081 1999 1218 2053 quibus
1241 1999 1368 2041 clausis
1383 2014 1463 2040 non
1479 1999 1659 2054 potuisset
1672 2013 1759 2042 eva-

939 2056 1030 2096 dere
1042 2084 1058 2106 ,
1085 2056 1112 2097 fi
1134 2059 1301 2111 pericula
1326 2056 1550 2098 extitissent.
1588 2062 1637 2097 Et
1652 2060 1757 2099 miro

940 2112 1060 2153 verbo
1073 2111 1136 2154 usa
1151 2115 1204 2155 est
1216 2144 1228 2162 ,
1265 2116 1418 2167 tranfire
1431 2145 1442 2162 ‚
1473 2116 1576 2170 quod
1603 2115 1655 2155 est
1679 2114 1759 2157 fine

942 2170 1118 2211 molestia
1144 2174 1204 2212 vel
1228 2173 1516 2224 impedimento
1528 2174 1664 2226 quovis
1677 2187 1764 2226 per-

939 2229 1082 2268 venire.
1117 2232 1164 2269 Et
1174 2230 1262 2285 quia
1272 2229 1428 2270 fontem
1440 2228 1612 2283 superare
1629 2258 1640 2277 ‚
1653 2229 1760 2271 diffi-

940 2287 1127 2326 cultatem
1142 2300 1223 2326 non
1239 2287 1492 2334 demonstrat,
1505 2287 1639 2327 addit:
1657 2289 1760 2330 Unde

933 2357 998 2397 per
1023 2361 1084 2382 ora
1110 2361 1229 2384 novem
1244 2373 1255 2390 ,
1287 2351 1369 2388 &a
1415 2356 1453 2384 ut
1477 2356 1762 2385 commemoret

941 2411 1057 2440 tantae
1082 2402 1193 2440 illurn
1216 2401 1370 2440 fontem
1398 2403 1548 2441 virtutis
1575 2416 1656 2441 non
1671 2400 1761 2451 effe,

943 2467 984 2495 ut
998 2469 1061 2508 per
1076 2470 1221 2497 novem
1236 2458 1336 2497 illius
1349 2470 1533 2499 oraturus
1552 2458 1757 2500 transterit.

945 2519 1127 2553 Donatus.

997 2569 1158 2625 Illyricos
1163 2581 1349 2624 penetrare
1355 2570 1465 2622 finus.
1474 2572 1604 2621 ’ίΜειῐε
1619 2572 1762 2612 Adria-

941 2625 1061 2667 ticum
1074 2654 1089 2674 ,
1109 2640 1231 2667 unum
1245 2626 1297 2666 est
1312 2641 1440 2668 mare:
1471 2626 1532 2668 sed
1546 2628 1601 2669 ob
1616 2629 1763 2670 diversa

943 2684 1217 2735 promontoria
1229 2712 1242 2730 ,
1267 2685 1310 2723 in
1334 2687 1457 2739 plures
1469 2685 1707 2727 distribuitur
1721 2686 1763 2727 si·

947 2740 1030 2781 nus.
1063 2742 1179 2781 Unde
1190 2742 1327 2796 liquet,
1340 2756 1405 2782 cur
1420 2746 1536 2783 Poeta
1545 2743 1644 2794 fim'is
1658 2745 1765 2783 dixe-

943 2798 995 2837 rit
1011 2826 1026 2846 ‚
1051 2799 1274 2850 nonfinum.
1308 2800 1434 2840 Hodie
1448 2813 1490 2839 ea
1502 2801 1587 2840 loca
1604 2802 1765 2841 Dalma-

944 2855 1040 2894 tiam
1057 2884 1068 2902 ,
1088 2857 1287 2896 Croatiam
1303 2857 1341 2896 ὅ(
1356 2857 1603 2898 Carinthiam
1618 2859 1770 2908 indigi-

946 2923 1042 2953 tant.
1084 2917 1182 2959 Hos,
1201 2913 1347 2967 inquit,
1360 2913 1462 2955 finus
1476 2944 1490 2962 ‚
1504 2917 1545 2955 ὃς
1560 2915 1634 2955 haec
1645 2909 1765 2969 regna

944 2971 1097 3022 penitus
1111 2971 1271 3009 intravit
1287 2998 1299 3017 ,
1314 2972 1357 3010 ὅ(
1377 2972 1535 3025 quidem
1549 2984 1651 3013 tutus
1664 3002 1678 3021 ‚
1695 2987 1773 3014 nec·

944 3028 1144 3066 tantillum
1163 3028 1253 3066 mali
1267 3026 1485 3081 perpessuaa
1498 3030 1664 3082 populiS‚
1679 3032 1768 3070 lon-

943 3081 992 3137 ge
1019 3083 1134 3124 feroci
1142 3083 1273 3124 [limis.
1315 3085 1423 3139 Qin
1441 3088 1479 3126 δι
1494 3088 1709 3127 immanem
1725 3089 1772 3126 '12-

940 3141 1026 3182 lum
1038 3142 1248 3184 Timavum
1267 3169 1278 3188 ‚
1307 3142 1410 3184 unde
1422 3156 1488 3197 pet
1501 3157 1647 3186 novem
1661 3144 1776 3193 ostia,

1267 3203 1315 3253 ,H
1351 3213 1367 3254 3
1625 3202 1783 3257 ingenti
