2037 3787
451 148 912 210 AEnssrnos

997 143 1091 205 L.1‘
1111 163 1160 203 B.
1208 143 1257 206 I.⁴
1595 148 1708 225 '169

141 239 364 305 'AEtheria
381 249 513 321 quos
527 237 662 320 lapsa
677 235 982 321 plagaJovis
995 236 1099 293 ales
1115 252 1297 317 aperto

12 410 382 465 optantsimpemquia
391 421 571 461 nunquam
582 407 748 462 mergitur
772 420 840 445 un*-

20 467 96 508 dis.
123 471 284 521 Cygnos
307 475 436 506 autem
462 462 601 503 habere
625 463 836 503 divinatio-

26 535 122 564 nem
134 525 254 564 etiam
270 523 353 562 Cic.
368 522 411 561 in
424 519 626 561 Tusculan.
641 519 699 560 lib
723 533 755 560 1.
771 520 843 559 do-

22 591 84 620 cet
97 593 108 618 2
127 584 175 621 Ut
188 585 217 619 C
207 583 298 636 ygni
307 581 388 634 ,qni
397 594 464 618 non
467 578 548 629 sine
558 581 661 630 causta
673 577 846 631 Apollini

22 636 140 677 dicati
157 639 244 692 sunt
257 662 273 684 ‚
291 635 361 688 fid
375 635 466 690 quod
481 638 525 675 ab
538 650 573 674 eo
586 635 844 675 divinationem

20 692 148 734 habere
158 692 364 732 videantur.
399 692 563 731 Servius.

57 765 59 768 ¹
81 750 284 802 Bisfimos]
297 750 469 789 Numero
483 749 640 788 navium
653 759 851 801 coaequan-

24 813 112 852 tut,
156 818 248 860 quas
282 810 424 849 AEneas
464 805 623 859 putabat
647 801 850 858 oppressas.

28 864 202 907 Donatus.

84 919 291 971 Laeeantis.]
306 917 391 958 Post
405 918 627 972 periculum.
661 919 821 957 Servius.

86 977 288 1032 Agmina]
314 977 480 1021 volatu,
508 977 667 1028 impetu.
702 981 853 1030 Agmen

28 1030 169 1073 autem
186 1033 285 1087 apud
311 1034 516 1087 Virgilium
531 1063 543 1081 ,
575 1034 631 1082 cuj
639 1030 783 1072 ussiber
796 1030 852 1069 rei

0 1138 1 1146 ἵ
28 1089 222 1143 impetus}
248 1102 302 1135 ut,
321 1090 384 1131 Illi
397 1093 537 1145 agmine
550 1101 653 1128 certo.
690 1093 762 1134 Et,
786 1094 853 1130 Vo-

31 1160 92 1188 cat
102 1152 246 1203 agmina
250 1149 347 1199 fictus
348 1149 513 1198 ssrorum.
542 1145 666 1186 Idem.

94 1207 232 1259 Aspice
244 1205 298 1243 bis
306 1206 402 1254 fi’nos
420 1206 574 1242 [mancia
588 1231 599 1248 ,
616 1204 725 1255 wa]
757 1196 852 1242 Ideb

34 1259 180 1313 In'ffbnos
195 1278 208 1300 .·
232 1261 321 1314 quia
346 1261 387 1299 in
400 1260 566 1312 auguriis
581 1272 644 1311 par
657 1272 854 1306 numerus,

35 1317 78 1356 ὅ(
93 1317 259 1358 maxime
273 1316 544 1361 duodenarius,
561 1314 773 1356 habebatur
784 1316 853 1357 ab·

33 1371 192 1414 solutus.
224 1372 283 1414 Sic
301 1374 490 1413 Romulus
504 1370 561 1412 sex
577 1374 759 1420 vultures,
778 1378 854 1414 Re-

34 1441 122 1470 mus
144 1430 347 1469 duodecim
363 1426 573 1470 observasse
586 1431 738 1470 dicitur.
781 1437 849 1471 Lae-

35 1497 156 1526 tantes
168 1515 180 1534 ‚
211 1485 398 1526 defun-ito
423 1485 565 1527 scilicet
588 1488 755 1540 periculo
773 1501 782 1526 ε
812 1490 852 1528 &

35 1543 194 1597 quidem
207 1547 346 1600 agmine
362 1563 373 1591 3
399 1543 438 1583 id
450 1545 520 1594 est,
538 1547 682 1591 volatu,
694 1544 856 1596 impetu3

36 1599 110 1641 five
134 1601 254 1640 etiarn
270 1600 452 1650 armna&
465 1603 506 1641 &
519 1604 707 1654 gregatim
723 1604 854 1641 volan·

37 1667 108 1697 tes.
157 1657 219 1698 Est
243 1670 372 1699 autem
395 1659 799 1713 odiuminteraquilas
814 1660 853 1699 &

39 1715 448 1768 cygnos-intestinum:
471 1716 525 1755 ita
540 1728 671 1756 tamen
687 1744 699 1762 ,
728 1727 768 1756 ut
791 1729 854 1770 cy-

39 1773 106 1825 gni
143 1771 290 1826 aquilas
322 1785 518 1827 nunquam
560 1773 830 1826 aggrediantur
845 1785 858 1820 3

41 1829 648 1883 tantuminvadentesrepellant·
692 1834 752 1870 De
780 1844 858 1884 quo

42 1885 274 1926 Aristoteles
295 1885 362 1925 lib.
379 1886 473 1926 Hist.
491 1887 663 1927 Animal.
687 1888 726 1926 <Sc
744 1889 860 1927 AElioe

45 1955 118 1982 nus
133 1942 200 1982 hb.
224 1956 254 1983 ῐ.
272 1947 361 2000 Jam
376 1944 525 1983 Servius
539 1951 671 1997 Gygam
686 1944 860 1991 navibus,

46 2004 232 2054 Aquilam
254 2000 470 2053 tempestati
496 1996 702 2055 comparat.
738 2005 786 2041 Et
799 2015 858 2041 re-

45 2053 134 2097 ste:
163 2057 250 2111 quia
272 2058 386 2111 cygni
411 2059 539 2098 nautis
570 2059 771 2114 augurium
806 2058 863 2100 fa-

45 2113 182 2159 eiunt3
213 2115 316 2162 iuxta
332 2117 513 2155 Poetam:

90 2176 231 2225 Cygnus
256 2173 295 2210 in
320 2175 478 2228 auguriis
498 2173 618 2213 nautia
643 2173 861 2230 grattssimm

207 2230 293 2273 ales,

80 2288 188 2325 Hunc
223 2294 348 2337 optant
364 2287 506 2339 semper
516 2313 529 2332 ‚
571 2287 656 2342 quia
684 2301 863 2341 nunquam

193 2343 362 2396 mergitur
384 2341 502 2381 undis.

49 2396 121 2437 Vel
133 2396 252 2435 etiam
269 2425 280 2442 ‚
311 2397 399 2449 quia
413 2397 587 2453 Juppiter
609 2398 652 2437 in
680 2400 865 2452 Cygnum

51 2449 249 2499 verffis,ex
261 2453 370 2493 Laeda
382 2452 583 2494 Castorem
599 2456 638 2494 &
656 2456 865 2500 Pollucem,

53 2507 243 2563 auspicata
268 2510 394 2550 nautis
415 2509 518 2563 signa
543 2522 655 2564 atque
680 2512 868 2558 numina,

53 2569 278 2620 procreavit.
327 2570 407 2607 Cur
433 2568 601 2622 denique
625 2572 771 2622 ‚Aquita
797 2572 874 2608 ales

12 2635 15 2638 '
56 2625 170 2680 Jovis
184 2623 241 2668 fit,
256 2637 336 2679 quae
349 2626 390 2664 &
403 2624 510 2664 alibi:
528 2628 781 2676 Nunciaefulva
796 2625 872 2679 70,-

55 2684 117 2721 vis
130 2698 143 2720 .·
161 2680 278 2734 Jovis·
286 2683 436 2735 pinnata
443 2681 594 2735 fittelles
610 2681 868 2737 :Jovissamu—

53 2740 90 2778 Ia
104 2755 117 2777 .·
131 2739 246 2793 Jovis
259 2743 410 2793 armiger
421 2738 649 2793 indigitatur
667 2766 679 2785 ,
705 2736 727 2779 Ξ
739 2740 873 2778 multis

55 2796 159 2834 varie
184 2792 407 2847 disputatur.
462 2795 603 2850 Physici
625 2795 716 2836 ideo
739 2796 874 2836 dicunt

57 2850 143 2891 fieri
158 2862 172 2897 3
197 2853 299 2905 quod
314 2853 453 2905 Aquila
465 2852 632 2894 fulmine
646 2866 728 2892 non
743 2864 875 2906 tanga-

58 2917 146 2947 tur:
171 2909 502 2962 quemadmodum
525 2917 657 2951 Laurus
683 2912 723 2950 &
737 2913 873 2951 vitulus

58 2968 231 3006 marinus.
263 2965 442 3006 Taubm:
793 2999 800 3005 ,

119 3034 170 3075 39
180 3037 212 3066 2.
227 3023 422 3076 Echi-rias]
436 3021 569 3063 AEther
582 3024 698 3064 altior
709 3022 761 3064 est
774 3026 873 3072 aete,

61 3077 208 3119 vicinus
221 3080 348 3119 coelo:
376 3079 447 3121 8⁷16
462 3080 494 3125 ⁴32⁹·
510 3079 626 3124 adeam
642 3111 653 3129 ,
667 3081 707 3123 id
720 3080 773 3123 est
787 3110 803 3133 ,
816 3094 874 3125 at-

60 3135 161 3179 ἀπε.
195 3138 356 3189 servitis.
394 3186 405 3195 Δ

1577 321 1726 378 Τυκὲ

958 402 1118 445 AEtheria
1129 401 1250 458 quoia]
1275 405 1333 442 ut
1357 401 1470 456 cygni
1485 400 1567 456 post
1578 413 1727 456 pertur-

905 455 1110 499 bationem
1123 488 1138 508 ‚
1152 461 1300 500 illatam
1311 457 1362 498 ab
1373 459 1500 513 aquila
1512 487 1527 508 ‚
1551 460 1723 507 liberati,

906 513 973 556 suo
987 516 1127 556 ordine
1138 517 1212 557 laeti
1227 517 1562 562 volantes,tetram
1575 526 1728 570 captam

906 584 1042 624 petunt
1059 587 1068 610 :
1097 571 1143 612 fic
1158 575 1212 615 tui
1226 570 1482 628 {tempestate
1494 576 1632 628 erepti,
1647 573 1724 615 tuti

906 626 1006 668 sunt.
1038 636 1174 671 Donat.

964 686 1082 741 Jovis
1093 688 1153 737 a.]
1174 686 1310 742 Aquila
1317 699 1413 741 ,quae
1427 685 1469 727 in
1482 686 1731 743 tutelaJovis

908 740 985 782 est:
1014 742 1100 797 quia
1126 744 1264 782 dicitur
1292 745 1496 783 dimicanti
1522 744 1558 783 ei
1585 755 1724 783 contra

913 800 1103 851 Gigantes
1138 798 1301 840 fulmina
1339 798 1593 840 ministrastie:
1624 800 1731 854 quod

846 900 849 905 f
911 856 1002 895 ideo
1026 855 1186 908 fingitur
1199 885 1210 902 ,
1243 858 1331 910 quia
1343 870 1408 910 per
1423 870 1599 897 naturam
1614 859 1732 898 nimii

911 910 967 951 est
990 914 1128 951 caloris
1146 925 1159 958 5
1188 914 1286 952 adeo
1304 926 1346 953 ut
1357 916 1475 953 etiam
1489 928 1577 961 ova,
1593 914 1733 969 quibus

912 967 1121 1021 supersidit,
1138 969 1250 1022 possit
1259 983 1436 1025 coquere,
1446 971 1512 1011 nifi
1524 973 1732 1013 admoveat

919 1028 1077 1066 Acriten
1091 1028 1258 1080 lapidem
1271 1027 1556 1080 frigidissimum
1570 1056 1585 1077 ‚
1615 1040 1658 1070 ut
1670 1040 1730 1069 te-

914 1082 1031 1124 statur
1057 1086 1252 1132 Lucanus,
1279 1092 1372 1125 Faeta
1384 1086 1631 1140 tepefaHaficb
1644 1090 1732 1128 alite

902 1143 1015 1193 fiexa.
1058 1147 1136 1181 Aut
1156 1144 1246 1196 quia
1259 1154 1329 1182 nec
1344 1144 1472 1196 aquila
1487 1171 1498 1189 ‚
1525 1155 1596 1182 nec
1605 1145 1735 1185 laurus

913 1197 1052 1239 dicitur
1063 1197 1274 1239 fulminari.
1304 1199 1394 1238 ideo
1409 1201 1521 1256 Jovis
1532 1202 1609 1239 ales
1623 1201 1735 1255 aqui-

914 1256 949 1294 12
968 1266 982 1300 3
1003 1256 1112 1312 Jovis
1128 1269 1315 1296 coronam
1327 1257 1494 1296 lauream
1503 1259 1734 1310 accepimus,

917 1313 956 1351 δε
982 1314 1047 1368 qui
1072 1313 1333 1366 triumphant,
1359 1315 1465 1354 lauro
1480 1327 1731 1356 coronantur.

917 1374 1014 1409 Sane
1027 1371 1138 1410 aliter
1151 1372 1301 1424 proprie
1315 1372 1495 1411 dicuntur
1507 1385 1594 1410 aves
1609 1401 1621 1419 ,
1654 1386 1735 1427 qux

915 1427 1045 1467 volatu
1058 1425 1223 1478 auspicia
1233 1427 1393 1474 faciunt,
1412 1433 1548 1475 Buteo,
1563 1434 1733 1484 sanqua-

914 1483 976 1529 lis,
993 1482 1248 1532 Inmusculus,
1263 1487 1417 1540 Aquila,
1432 1486 1638 1526 Vulturius.
1666 1491 1733 1527 Sa-

918 1553 967 1579 ne
993 1541 1041 1581 de
1064 1542 1189 1596 aquila
1214 1542 1268 1582 est
1295 1545 1333 1583 ὅ(
1359 1544 1432 1582 alia
1452 1542 1594 1583 fabula.
1635 1540 1738 1597 apud

920 1601 1072 1639 Graecos
1084 1599 1224 1653 legitur
1237 1613 1395 1652 puerum
1409 1601 1619 1653 quendam,
1635 1612 1736 1641 terra

917 1654 1065 1695 editum
1080 1685 1094 1706 ‚
1109 1657 1319 1697 admodum
1334 1657 1531 1711 pulchrum
1548 1657 1738 1699 membris

916 1711 1102 1753 omnibus
1114 1711 1246 1759 fuisse,
1277 1716 1342 1769 qui
1369 1712 1474 1757 αἐπὶς
1499 1713 1541 1754 fit
1564 1727 1739 1765 vocatu5‚

907 1767 978 1808 liic
1002 1782 1090 1811 cum
1117 1772 1262 1824 Iupiter
1299 1783 1454 1825 propter
1489 1783 1637 1825 patrem
1669 1778 1734 1813 Sa-

917 1836 1074 1867 turnum
1089 1857 1101 1874 ,
1129 1830 1194 1881 qui
1219 1826 1303 1868 suos
1314 1829 1415 1870 filios
1428 1829 1635 1869 devorabat
1648 1858 1662 1879 ,
1691 1833 1737 1871 in

921 1886 1039 1924 Creta
1053 1884 1192 1933 insula,
1212 1886 1253 1925 in
1274 1886 1372 1926 ldaeo
1385 1899 1498 1928 antro
1515 1887 1738 1937 nutriretur3

917 1941 1047 1992 primo
1059 1944 1100 1982 in
1114 1942 1340 1997 obsequium
1360 1944 1461 1984 Iovis
1475 1941 1510 1983 se
1523 1944 1643 1991 dedit,
1650 1946 1733 1999 post

920 2009 1009 2037 vero
1034 2012 1122 2040 curn
1133 1999 1355 2041 adolevisset
1370 2002 1514 2055 Iupiter
1533 2004 1572 2042 &
1587 2014 1734 2055 patrem

919 2067 1040 2110 regno
1052 2055 1250 2111 pepulisset
1264 2087 1277 2105 ‚
1304 2063 1404 2099 Iuno
1420 2071 1595 2112 permota
1611 2058 1738 2100 forma

919 2115 1024 2164 pueti
1038 2142 1050 2161 ‚
1079 2116 1180 2155 velut
1192 2116 1387 2170 pellicatus
1401 2117 1538 2156 dolore
1550 2144 1563 2163 ‚
1593 2130 1682 2156 eum
1695 2118 1738 2157 in

920 2182 1029 2210 avem
1057 2172 1171 2212 vertit
1185 2201 1195 2217 ,
1227 2186 1306 2226 quae
1327 2172 1374 2213 ab
1389 2171 1470 2227 ipso
1486 2173 1592 2214 dmi:
1609 2178 1736 2215 Graece

921 2226 1063 2268 dicitur
1080 2226 1126 2276 ,Ξι
1143 2228 1258 2270 nobis
1275 2232 1413 2284 Aquila
1429 2259 1440 2278 ,
1465 2243 1619 2284 propter
1633 2232 1740 2286 aqui-

921 2285 1004 2324 lum
1016 2288 1204 2333 colorem,
1222 2288 1285 2340 qui
1299 2300 1379 2327 ater
1390 2287 1442 2327 est
1461 2307 1470 2336 3
1495 2301 1610 2343 quam
1626 2301 1737 2330 avem

925 2343 1069 2395 Iupiter
1095 2342 1160 2383 fibi
1176 2344 1358 2384 inhaerere
1371 2348 1541 2398 praecepit
1556 2348 1593 2386 ὃ(
1607 2344 1741 2385 fulmi-

925 2411 975 2437 na
988 2399 1128 2452 gestare
1144 2415 1153 2438 :
1181 2414 1245 2453 per
1275 2400 1372 2442 hanc
1394 2403 1514 2441 etiam
1543 2406 1740 2455 Ganyme«

926 2455 993 2495 des
1009 2484 1020 2501 ,
1034 2468 1120 2496 cum
1134 2468 1325 2498 amaretur
1339 2455 1362 2497 Ξι
1377 2462 1470 2499 Iove
1486 2487 1498 2505 ,
1528 2459 1668 2499 dicitur
1683 2473 1742 2500 ra-

926 2523 1027 2564 ptus,
1041 2526 1136 2566 quos
1149 2515 1320 2567 Iuppiter
1334 2516 1435 2555 inter
1446 2514 1562 2556 sidera
1574 2517 1743 2558 colloca-

928 2569 997 2608 vit.
1030 2573 1077 2610 Et
1102 2572 1189 2624 quia
1215 2572 1349 2626 aqui-lae
1362 2572 1439 2612 haec
1447 2573 1500 2613 est
1516 2584 1649 2613 natura
1662 2602 1674 2621 ,
1700 2588 1743 2616 ut

928 2626 1057 2666 Solem
1082 2629 1189 2668 resto
1211 2628 1359 2669 lumine
1387 2628 1529 2683 spestet
1542 2658 1557 2678 ‚
1587 2629 1738 2684 signum

927 2696 1080 2738 quoque
1091 2685 1241 2740 aquilae,
1254 2686 1356 2740 quod
1370 2687 1412 2726 in
1425 2688 1514 2727 caelo
1528 2686 1595 2734 est,
1609 2689 1745 2730 orien-

928 2750 1009 2780 tem
1033 2739 1179 2795 semper
1207 2744 1336 2782 Solem
1356 2743 1505 2785 videtur
1517 2744 1743 2787 adtendere.

929 2798 1012 2837 Alii
1025 2798 1156 2839 dicunt
1168 2799 1216 2838 ab
1231 2799 1299 2839 hac
1309 2803 1369 2840 avi
1384 2805 1519 2843 Iovem
1532 2814 1682 2855 raptum
1698 2806 1740 2845 δε

928 2854 975 2894 ad
989 2855 1150 2908 latebras
1166 2855 1370 2897 Cretenses
1382 2861 1571 2911 perlatum
1589 2888 1601 2907 ,
1617 2874 1704 2901 cum
1719 2860 1742 2903 ᾖ

929 2918 1094 2953 Saturno
1117 2913 1259 2968 ubique
1282 2928 1520 2968 quaerer-etur.
1561 2915 1688 2970 Ipsum
1703 2933 1743 2959 e-

930 2968 1026 3008 tiam
1042 2972 1125 3010 Iovi
1143 2999 1154 3017 ,
1182 2983 1269 3010 cum
1294 2970 1469 3014 adversus
1484 2973 1646 3013 Titanas
1660 2974 1745 3016 bel·
1797 3002 1800 3003 ν

929 3027 1010 3066 lum
1023 3029 1194 3080 gereret,
1209 3026 1404 3070 obvolaffe
1415 3031 1457 3070 in
1471 3033 1687 3084 augurium,
1702 3047 1744 3076 ac

931 3083 1059 3123 statim
1084 3085 1288 3125 vifioriam
1301 3087 1545 3129 consecutum
1561 3115 1573 3134 ,
1601 3090 1746 3131 &ideo

931 3140 1033 3183 inter
1044 3139 1162 3184 sidera
1174 3144 1415 3186 collocatam.
1447 3148 1607 3189 servius.

1220 3203 1304 3255 [ις

1568 3206 1757 3259 Aperta}
1768 3224 1814 3239 κ
