2037 3787
480 119 959 188 AEnztnos
1044 109 1215 176 L‘ing
1257 115 1306 177 1.'

1620 118 1734 201 '137

53 241 156 302 295
176 225 320 282 Saeva
333 215 516 278 sedens
531 217 678 297 super
694 241 833 277 arma
848 256 865 284 ‚
900 222 956 276 &
975 234 1188 273 centum
1205 215 1406 276 vinetus
1425 213 1568 292 aenis

176 303 304 386 Post
318 320 522 386 tergum
541 303 692 361 nodis
711 343 728 371 ,
759 301 948 361 fremet
966 297 1200 358 horridus
1217 319 1310 358 ore
1323 314 1558 357 cruento,

51 490 126 521 tur.
157 478 252 520 Ideo
275 488 404 518 autem
430 480 550 535 Janus
576 476 669 519 belli
684 488 861 530 tempore

49 535 279 590 patefiebat,
305 547 346 575 ut
367 535 535 587 ejusdem
559 532 785 588 conspestus
797 546 862 586 pet

52 592 199 633 benum
213 603 358 645 pateret
375 621 386 638 ‚
402 594 442 632 in
456 593 561 641 cujus
575 593 758 644 potestate
772 588 862 630 estet

48 649 173 690 exitus
185 645 426 704 reditusque3
453 649 491 688 id
505 650 614 688 enim
628 646 705 701 ipsa
719 646 863 702 fignifi-

41 718 114 746 *cat
137 708 219 754 eius
241 704 389 758 effigies
401 704 863 760 praebentisstquentibus

55 763 98 804 &
123 763 373 802 redeuntibus
405 763 567 804 ducem:
597 767 710 803 Hunc
731 774 861 801 autem

53 819 152 860 olim
167 821 293 860 Numa
308 820 517 873 Pompilius
525 820 618 860 fecit
629 850 641 864 ‚
653 822 758 866 cujus
774 831 864 873 por-

53 886 112 917 tas
124 878 233 930 tegni
247 888 326 916 tem
331 891 422 930 pote
435 876 577 918 claufit.
609 880 770 917 Servius.

1600 381 1739 439 Haec

914 471 1006 526 gine
1033 469 1134 513 faeta
1148 500 1162 521 ,
1187 484 1231 513 ut
1257 481 1414 513 moveat
1429 471 1602 512 ‹stirme-ev
1617 500 1628 518 ,
1654 485 1735 527 quae

914 530 1067 583 gravior
1078 529 1247 584 quaedam
1261 528 1470 570 affirmatio
1484 527 1538 568 est
1554 555 1569 576 ‚
1597 530 1636 568 &
1648 541 1738 581 pars

917 586 1074 638 epilogi·
1086 587 1166 626 fere
1195 586 1348 642 propria
1361 615 1376 635 ‚
1411 585 1459 626 ad
1481 585 1738 625 concitandos

916 641 1077 682 affectus
1093 671 1104 687 ,
1132 645 1172 682 ὅ(
1198 644 1318 683 fidem
1346 645 1386 683 in
1407 643 1572 683 dicendo
1585 641 1734 683 facien-

916 698 1011 738 dum
1034 700 1340 740 accommodata.
1373 698 1546 741 Turneb.
1575 701 1600 739 l.
1626 713 1684 740 ιο.
1702 711 1735 739 c.

926 769 940 796 ι
954 768 984 794 r.
1001 754 1160 795 Videtur
1175 784 1189 803 ‚
1214 760 1331 811 inquit
1346 786 1357 803 ‚
1375 756 1432 796 his
1446 755 1740 802 verfibustaro

914 810 1152 851 adumbrasse
1175 815 1268 852 Belli
1292 814 1524 868 imaginem,
1535 812 1583 853 ab
1601 814 1738 867 Apelle

919 869 1080 921 pilstam,
1096 867 1311 910 restrictis}
1324 884 1432 924 tergo
1447 870 1626 912 manibus
1638 899 1651 917 ,
1680 877 1741 911 A-

113 933 332 974 claudentur
352 935 588 988 belh-form]
621 931 804 976 Plutarch.
823 932 865 971 in
918 925 1105 964 lexandto
1130 926 1172 965 in
1186 939 1297 966 cuttu
1308 928 1596 980 triumphante:
1622 940 1739 982 quarn

56 992 202 1034 Numa:
221 990 274 1035 ἒςι
291 989 315 1042 ὃ
333 989 364 1045 ¹5}
379 990 485 1032 αύτέ
502 990 581 1033 ναὸς
597 989 632 1032 ἐν
644 990 748 1045 ῥώμῃ
760 987 872 1030 -δῖθυ-
920 981 1093 1022 tabulam
1118 983 1308 1038 Augustus
1331 985 1375 1024 in
1399 981 1465 1022 suo
1478 983 1568 1024 foto
1582 986 1742 1025 dicavit.

56 1061 136 1100 eye,
152 1047 186 1086 ὃν
199 1052 353 1100 πολέμε
367 1048 500 1089 πύλέω
514 1047 672 1096 &haio-1.
704 1055 821 1088 Germ.

114 1104 334 1145 claudentur
367 1106 450 1147 belet
471 1117 591 1162 porta.
609 1105 628 1157 J
665 1108 731 1143 An
756 1100 871 1143 semel

56 1169 108 1199 an
125 1171 183 1201 ter
195 1159 372 1202 clauserit
385 1165 475 1219 thni
489 1172 616 1214 portas
630 1189 643 1208 ‚
670 1161 783 1202 fusius
797 1156 873 1199 dis-

56 1228 166 1270 putat
192 1219 320 1258 Cerda
334 1247 350 1267 ,
375 1222 415 1259 &
442 1216 606 1259 casaub.
634 1218 682 1257 ad
712 1224 811 1258 Suet.
826 1218 870 1256 in

58 1276 159 1328 Aug⁴
178 1287 208 1315 c.
227 1289 293 1316 22.
306 1282 359 1320 (φ
372 1274 455 1315 belli
463 1286 586 1330 portas
595 1276 755 1315 claudere
767 1275 872 1313 idem

58 1329 113 1369 est
129 1360 142 1378 ,
177 1331 267 1385 quod
292 1333 439 1387 Janum
465 1333 659 1386 Qirinum
673 1360 687 1380 ‚
726 1332 873 1386 Janum

57 1391 241 1426 Geminum
253 1389 413 1427 claudere
428 1416 441 1435 ,
466 1388 567 1440 apud
581 1393 680 1428 Suet.
696 1389 802 1430 disto
817 1390 875 1428 lo·

924 1044 985 1079 De
998 1053 1076 1094 quo
1089 1041 1237 1080 Plinius
1250 1041 1317 1080 lib.
1338 1054 1355 1094 3
1370 1055 1403 1093 ς.
1416 1054 1496 1092 cap.
1516 1055 1580 1081 10.
1598 1046 1734 1082 Germ.

921 1098 1062 1138 valens
1085 1094 1247 1138 allusum
1266 1108 1378 1150 putat
1390 1097 1437 1137 ad
1456 1096 1698 1139 fimulacrum
1717 1097 1742 1141 ὲ

922 1152 1107 1193 Pausania
1118 1166 1383 1195 memoratum
1400 1183 1411 1200 ,
1427 1155 1565 1194 Martis
1578 1156 1621 1194 in
1635 1160 1748 1208 Spat-

927 1221 964 1250 ta
981 1212 1101 1252 vincti
1118 1240 1129 1256 ,
1159 1214 1200 1252 δε
1216 1213 1361 1252 catenis
1375 1211 1570 1252 hincinde
1582 1213 1746 1253 constri-

927 1268 978 1307 sti
993 1296 1005 1315 ,
1031 1268 1302 1323 manubiisque
1325 1271 1365 1309 &
1379 1266 1512 1323 spoliis
1524 1268 1740 1310 infidentis.

926 1328 983 1364 Eo
997 1323 1178 1380 symbolo
1188 1328 1378 1366 innuente
1392 1354 1406 1373 ,
1433 1339 1483 1366 ne
1493 1326 1746 1366 Lacedaemo-

929 1395 979 1421 ne
989 1384 1140 1423 cederet
1154 1412 1171 1434 ‚
1181 1396 1247 1423 aut
1260 1384 1307 1423 ad
1323 1382 1448 1423 hostes
1464 1381 1737 1438 transfugeret.

56 1456 105 1483 co
119 1445 215 1484 &in
231 1447 319 1484 Ner.
332 1457 362 1484 c,
384 1459 444 1495 ¹4·
458 1446 638 1485 Horatius
649 1447 717 1495 l,4‚
733 1446 801 1485 od,
813 1460 826 1486 1
839 1459 874 1498 ς,
901 1463 905 1496 3
929 1442 1144 1480 Contratio
1181 1452 1312 1482 autem
1337 1440 1461 1481 modo
1485 1441 1625 1482 extulit
1648 1444 1744 1482 Pto·

57 1499 102 1539 in
128 1500 303 1541 laudibus
327 1501 515 1554 Augusti:
550 1519 700 1543 vacuum
722 1503 854 1543 duellis

119 1559 267 1613 Janum
281 1562 434 1615 Qirini
440 1558 578 1612 claufit.

61 1614 104 1654 &
130 1616 156 1654 l.
177 1628 211 1656 1.
228 1620 299 1656 Sat¹
317 1630 354 1666 4.
559 1647 562 1650 -

93 1698 98 1708 ·
118 1675 199 1714 Non
213 1699 227 1718 ‚
251 1685 290 1712 ut
306 1674 484 1726 fisblvas‚
502 1670 685 1728 postquam
698 1671 879 1726 distorrlia

183 1740 281 1768 tetra

123 1785 212 1825 Belli
211 1790 370 1836 ferratos
377 1786 503 1842 postelis
507 1816 518 1833 ,
525 1790 711 1842 portasque
722 1787 879 1843 refregit.

62 1840 200 1885 alludit
228 1844 267 1883 &
295 1849 388 1884 Stat.
404 1843 635 1883 Thebaidi.
655 1858 689 1896 5.

256 1919 389 1931 —-
419 1903 478 1942 ubi
491 1916 592 1940 arma
859 1936 861 1940 ,

102 1955 270 2012 Indulget
277 1971 392 2012 pater,
402 1962 549 2010 &sic-vi
560 1968 676 1998 movet
688 1956 770 2011 ostia
783 1956 878 1997 beHi.

68 2015 260 2054 Homerus
272 2017 438 2067 appellat
467 2013 572 2066 ςόμα.
586 2018 741 2065 πολέμες
756 2015 881 2065 diua-

68 2068 200 2111 ›m'ev'loc
214 2071 324 2110 Iliad.
340 2073 364 2111 l.
382 2089 420 2112 τ.
437 2072 526 2126 γᾶίῖς
541 2085 578 2125 ¹3
590 2102 599 2111 .
622 2076 734 2112 Hunc
748 2075 884 2112 Maro—

67 2127 130 2166 nis
141 2128 272 2168 locum
300 2129 571 2183 interpretatur
596 2128 766 2168 Turneb,
794 2131 822 2168 l.
843 2144 881 2178 5.

67 2195 100 2222 e.
116 2195 152 2237 3.
182 2196 246 2224 cur
262 2196 419 2237 pateant
430 2199 606 2240 tempore
629 2184 751 2233 belli,
782 2186 885 2226 unde

69 2240 199 2296 Janur
211 2241 347 2283 dicitur
361 2247 558 2290 Patulcius,
571 2255 686 2298 quate
699 2244 882 2284 claudan-

69 2307 131 2337 tut
144 2310 248 2349 pace,
262 2299 363 2340 unde
377 2301 551 2351 clufivius
562 2331 575 2348 ,
597 2298 619 2340 ὲ
634 2299 784 2350 Sabinis
797 2314 883 2354 pro-

65 2351 213 2395 festum
241 2367 370 2397 narrat
394 2357 614 2397 Macrobius
636 2358 661 2397 1.
684 2371 712 2398 x.
734 2361 884 2398 saturn.

67 2423 103 2452 c.
118 2424 157 2466 9.
173 2413 212 2452 δε
228 2414 307 2453 Liv.
328 2415 393 2454 l.1.
408 2426 440 2453 c.
452 2428 511 2466 19.
543 2417 746 2468 Emmeneffi

123 2475 233 2514 Furor
253 2473 383 2524 impius
403 2472 539 2523 intus.]
566 2475 623 2511 Ut
648 2467 816 2523 superius
829 2468 888 2508 di-

72 2522 199 2565 ximus
213 2554 225 2572 ,
251 2539 409 2580 propter
436 2526 535 2567 bella
548 2527 677 2566 civilia
690 2555 701 2573 ,
731 2539 807 2579 quae
820 2539 887 2580 ge·-

71 2579 128 2622 sta
152 2580 241 2623 sunt
262 2596 395 2624 contra
424 2588 583 2624 Brutum
599 2586 639 2624 ὅ(
654 2582 824 2623 Cassium
840 2581 887 2623 ab

73 2639 251 2693 Augusto
266 2642 307 2681 in
323 2641 566 2694 Philippicis:
582 2651 718 2681 contra
733 2645 886 2680 Sextum

74 2696 303 2749 Pompeium
326 2700 369 2738 in
384 2698 522 2738 Sicilia·
550 2709 615 2738 aut
624 2696 716 2737 ficut
728 2697 885 2752 quidam

76 2753 260 2802 tradunt,
279 2762 386 2796 Furor
399 2758 524 2810 impius
535 2757 653 2801 intus,
677 2767 758 2794 non
779 2755 821 2793 in
835 2767 886 2793 ae-

76 2808 126 2849 de
141 2812 245 2866 Jani‚
274 2809 335 2852 sed
362 2813 404 2852 in
430 2813 514 2852 alia.
550 2818 599 2852 In
621 2811 711 2851 foro
723 2810 888 2864 Augusti

928 1508 1022 1550 pert.
1039 1496 1106 1537 lib.
1128 1510 1164 1550 3.
1183 1500 1233 1538 el.
1252 1514 1289 1551 3.

984 1559 1028 1593 Et
1031 1557 1154 1607 fhbter
1163 1555 1280 1610 captos
1289 1570 1388 1595 arma
1395 1553 1522 1607 fidere
1533 1553 1653 1594 duces.

929 1612 1050 1650 Porro
1064 1640 1078 1659 ‚
1103 1613 1158 1652 uti
1184 1619 1290 1653 Furor
1303 1611 1362 1651 hic
1376 1613 1528 1652 vinctus
1544 1630 1555 1658 ς
1584 1612 1637 1651 ita
1652 1612 1744 1653 vin-

927 1669 1022 1707 culis'
1035 1667 1178 1710 solutus
1189 1667 1468 1723 elegantiffime
1482 1666 1707 1709 describitur
1719 1667 1744 1710 Ξ

930 1725 1132 1767 Petronio.
1162 1729 1328 1766 Notetut
1340 1736 1469 1766 autem
1483 1737 1626 1781 quanta
1639 1723 1749 1780 aspe-

926 1782 1044 1823 ritate
1068 1782 1276 1824 vetborum
1290 1785 1580 1837 litterarumque
1591 1788 1674 1823 rem
1688 1780 1747 1823 af-

928 1852 1056 1893 peram
1085 1843 1201 1881 Poeta
1227 1838 1442 1894 expresserit
1456 1853 1466 1878 ε
1506 1853 1622 1895 quam
1648 1842 1748 1880 item

926 1898 1116 1950 pathetice
1131 1928 1143 1946 ,
1167 1898 1331 1952 abrupto
1342 1899 1502 1952 epilogo
1517 1926 1529 1946 ‚
1547 1898 1754 1938 Narratio-

930 1968 1022 1996 nem
1036 1953 1278 1996 concluserit.
1309 1958 1453 1996 Taubm.

985 2027 1078 2067 295.
1108 2021 1210 2053 Saeva
1228 2014 1369 2064 fidens
1380 2016 1487 2068 fiaper
1513 2012 1652 2064 arma]
1683 2016 1750 2052 Se-

928 2070 1098 2110 cundum
1136 2072 1336 2125 antiquam
1359 2070 1572 2110 licentiam.
1620 2069 1754 2109 Scien-

930 2126 1022 2168 dum
1035 2139 1170 2167 tamen
1188 2128 1305 2167 hodie
1317 2134 1363 2168 ln
1377 2155 1392 2175 ‚
1419 2128 1460 2166 &
1477 2128 1544 2166 Sub
1557 2155 1570 2172 ‚
1595 2136 1750 2166 tantum

906 2197 1161 2225 ‚communes
1196 2183 1269 2225 esst:
1297 2182 1598 2238 praepofitiones.
1640 2195 1753 2222 caete-

932 2255 1018 2283 rum
1054 2250 1165 2295 Super
1200 2244 1240 2283 &
1280 2244 1408 2283 subter
1434 2242 1514 2290 jam
1536 2237 1751 2280 accufiitivae

931 2296 1046 2346 sunt,
1087 2299 1181 2340 ficut
1208 2302 1307 2340 clam
1333 2300 1374 2339 ὅ(
1400 2296 1503 2352 Post,
1533 2310 1612 2351 quae
1636 2308 1754 2338 antea

932 2369 1165 2397 communes
1177 2356 1334 2396 fuerunt
1351 2371 1361 2395 z
1377 2356 1536 2403 nuncin
1550 2354 1608 2393 his
1626 2366 1756 2395 muta-

933 2423 972 2451 ta
989 2424 1122 2452 natura
1132 2412 1196 2453 est.
1232 2417 1335 2466 Ergo
1338 2414 1447 2467 fiaper
1458 2424 1529 2464 pro
1542 2409 1648 2464 supra
1663 2439 1676 2457 ,
1707 2413 1750 2452 δε

936 2482 1039 2508 nunc
1068 2468 1142 2508 haec
1167 2468 1381 2523 ptaepofitio
1393 2465 1606 2508 accusativo
1623 2466 1754 2516 servit,

924 2526 999 2569 tubi
1013 2539 1105 2566 vero
1123 2526 1165 2566 de
1176 2524 1361 2580 fignificat
1374 2554 1385 2572 ,
1399 2524 1582 2565 ablativo.
1599 2529 1755 2566 Servius-

995 2583 1088 2636 296.
1121 2585 1249 2626 Affnis
1280 2583 1428 2635 nodis.]
1470 2584 1563 2622 Non
1592 2593 1750 2624 centum

938 2640 1078 2685 nodis,
1104 2637 1169 2680 sed
1197 2643 1367 2686 catenis,
1393 2651 1484 2693 quas
1508 2640 1752 2681 circunlocu-

935 2697 1047 2737 tione
1059 2696 1282 2751 significavit
1298 2716 1307 2744 3
1321 2697 1408 2750 quia
1422 2693 1507 2736 sunt
1519 2708 1660 2736 caten-x
1679 2711 1754 2737 no⁴

934 2753 974 2793 di
999 2756 1137 2807 plures.
1183 2755 1352 2810 Qidam
1376 2754 1497 2796 AEneis
1515 2752 1598 2806 ipro
1621 2753 1757 2794 ferreis

937 2812 1118 2859 tradunt,
1148 2822 1191 2851 ut
1214 2825 1253 2863 7.
1270 2816 1359 2851 ΕΠ.
1386 2814 1494 2851 micat
1512 2827 1624 2851 aereus
1648 2812 1758 2863 enfis:

74 2865 366 2910 introeuntibus
390 2869 438 2909 ad
453 2866 640 2909 fifiistram
651 2867 725 2908 fuit
739 2868 886 2909 bellum
940 2870 1118 2922 &5.AEn.
1135 2875 1238 2911 AErea
1248 2884 1350 2925 quem
1362 2870 1538 2924 obliquum
1546 2881 1623 2908 rota
1634 2871 1756 2922 trans:-

76 2923 223 2976 pistum
250 2928 288 2964 &
309 2925 416 2965 furor
441 2924 574 2967 sedens
587 2924 694 2980 super
706 2939 811 2966 arma
824 2924 890 2966 de·
937 2928 994 2966 iit.
1029 2927 1193 2967 Servius.

77 2980 228 3023 vinctus
260 2995 308 3022 eo
333 2981 467 3040 habitu
489 3011 501 3030 ‚
541 2997 618 3039 quo
642 2986 756 3039 po'eta
778 2982 883 3024 dixit.

77 3042 238 3080 Servius.

997 2984 1152 3024 WnHus
1172 2984 1274 3025 affinis
1293 2981 1364 3038 post
1374 2981 1663 3038 tergnmnodis]
1696 2984 1755 3023 Sic

942 3041 1110 3095 &Epign
1121 3045 1236 3081 Graec.
1252 3036 1418 3094 χαλκείῃ
1432 3038 1620 3092 comneni(
1633 3041 1757 3078 αἶλωι-

131 3100 242 3139 Furor
263 3097 390 3153 impius
413 3097 543 3151 intus]
576 3096 718 3140 Pathos
731 3095 892 3138 abima-
944 3097 1098 3154 wviaep·
1112 3097 1280 3140 Unde&
1297 3095 1558 3150 mdlvgo'dlzm,
1587 3098 1627 3136 ὃ(
1646 3101 1752 3138 mesto-

1225 3158 1246 3195 1
1280 3169 1297 3209 5
1565 3152 1752 3207 Ερόὶσμοι
