2037 3787
473 133 1324 199 AENE11>0s-L1n.11.

875 230 1464 302 ;&,'fifatafi1iss‘ent‚

177 230 431 293 Vitavisse
448 235 584 291 vices
604 230 854 291 Danaum

1616 163 1736 225 405

178 319 257 373 Ut
277 316 514 373 caderem
533 356 550 381 ,
581 313 815 373 meruisse
831 337 1003 377 manu.
1046 314 1338 375 divellimur
1352 317 1504 376 inde:

49 418 125 475 43
141 419 163 476 5
181 397 377 474 Iphitus
399 405 448 457 ὅ(
467 399 632 457 Pelias
642 419 850 459 mecum

871 422 884 455 t
919 418 1137 478 quorum
1162 400 1358 478 Iphitus
1376 423 1493 459 aevo

176 482 293 554 Jam
311 481 512 560 gravior
525 519 541 545 ‚
575 482 738 538 Pelias
757 488 810 539 δι
833 482 1044 538 vulnere
1061 482 1230 539 tardus
1248 484 1424 549 Ulixi,

177 566 416 619 Protinus
433 562 494 620 ad
512 561 655 620 sedes
671 564 859 621 Priami
875 565 1102 622 clamore
1119 566 1308 625 vocati.

164 645 272 701 Hic
294 665 418 704 vero
431 646 700 726 ingentem
715 667 941 727 pugnam
957 685 973 712 ‚
1009 666 1100 703 ceu
1118 663 1301 704 caetera
1316 645 1563 726 nusquam

100 849 197 891 433.
226 841 369 893 Vicus]
397 842 569 896 Pugnas:
596 840 682 895 quia
706 852 772 893 per
800 841 849 881 vi-

41 893 301 936 ciffitudinem
314 898 577 951 pugnabatur3
608 910 650 938 ut
678 896 855 938 Salustius

43 951 173 999 docet.>
213 955 395 1007 Legimus
419 955 540 994 etiam
565 966 700 1008 poenas
719 983 730 999 ‚
758 957 850 993 vices

44 1007 134 1048 dici.
179 1012 384 1060 Horatius,
425 1016 594 1066 Vicesque
621 1013 778 1064 fiperbae
809 1018 852 1051 Te

44 1078 212 1106 maneant
221 1071 344 1121 ipsum.
376 1069 446 1108 Sed
458 1068 505 1107 de
517 1066 623 1108 bello
635 1065 851 1121 usurpatum

42 1121 110 1162 est.
141 1124 299 1166 Nullum
324 1126 430 1164 enim
456 1126 625 1177 praelium
638 1135 739 1164 caret
751 1125 849 1177 peri-

41 1179 130 1218 culo
145 1207 157 1226 ‚
182 1193 275 1234 ergo
288 1181 386 1220 vices
397 1182 569 1234 periculi.
600 1182 762 1221 Servius.

103 1239 283 1291 W'tavzffi
294 1241 390 1278 vices
404 1235 608 1288 Damam]
631 1242 694 1276 Ser
700 1239 779 1278 vius
789 1249 852 1275 ex-

40 1290 154 1342 plicat
178 1306 322 1347 pugnas
336 1322 352 1343 ,
375 1295 462 1349 quia
473 1306 537 1345 per
551 1291 845 1334 viciflitudinem

39 1349 291 1401 pugnabatur·
322 1363 403 1390 non
418 1351 540 1404 placet
554 1351 660 1406 Julio
675 1353 766 1391 Scal.
786 1352 850 1406 qui

1564 730 1716 786 Bella

957 839 1127 892 Meruiffb
1140 836 1286 888 mmm]
1300 836 1435 877 Testor
1450 850 1514 878 me
1527 834 1718 886 meruisse,

898 892 936 932 id
949 894 1002 933 est
1014 923 1024 941 ,
1039 893 1191 933 fortiter
1205 891 1399 933 dimicasse
1417 909 1425 931 :
1455 894 1493 933 hi
1506 896 1613 934 enim
1631 907 1714 934 me-

898 962 1028 990 rentur
1041 951 1178 990 occidi.
1206 945 1384 991 Videatur
1396 951 1599 991 Turnebus
1614 954 1644 992 1.
1656 966 1667 992 ι
1677 964 1696 991 1
1706 980 1716 990 .

896 1019 995 1061 c.19.
1031 1007 1096 1047 ubi
1121 1008 1262 1053 docet,
1293 1012 1464 1047 Mortem
1491 1009 1606 1047 aliam
1640 1005 1716 1048 effe

898 1065 1134 1110 naturalem,
1169 1064 1285 1102 aliam
1309 1068 1514 1104 meritam:
1544 1077 1710 1119 eumque

898 1122 1016 1160 etiam
1044 1122 1146 1160 mori
1160 1122 1298 1160 mereri
1312 1149 1327 1169 ,
1350 1122 1415 1176 qui
1428 1123 1471 1161 in
1485 1122 1605 1161 aciem
1618 1134 1708 1176 pro-

894 1176 1020 1217 dierit.
1054 1179 1312 1219 Taubmannus.
1583 1202 1587 1204 -

952 1234 1209 1286 Divellimur]
1236 1235 1294 1273 Sic
1307 1233 1418 1279 dixit,
1432 1231 1531 1286 quali
1545 1231 1709 1283 accuset,

895 1291 996 1345 quod
1013 1305 1093 1331 non
1110 1291 1274 1345 perierit.
1309 1293 1466 1331 Servius.

948 1348 1205 1401 Divagimur]
1232 1347 1354 1387 Inviti
1369 1374 1383 1395 2
1408 1345 1622 1387 necestitate
1637 1346 1710 1386 ad·-

40 1401 88 1443 fic
112 1407 268 1458 potius,
295 1411 391 1447 vices
406 1434 420 1455 ,
460 1410 607 1446 vulnera
626 1408 846 1464 significant,
891 1405 1215 1456 astiimpellimur
1228 1403 1360 1443 abire:
1383 1404 1550 1443 ostendit
1576 1415 1708 1444 autem

43 1467 95 1504 (9·
123 1463 254 1512 cades,
280 1475 318 1503 ut
342 1464 629 1518 quemadmodum
641 1467 845 1519 velpa-cus-
895 1461 1066 1502 meruifle
1094 1475 1211 1502 manu
1241 1461 1343 1500 mori
1360 1489 1371 1506 ‚
1399 1473 1485 1500 cum
1500 1461 1602 1513 prius
1613 1474 1701 1502 cum

28 1519 132 1570 strat
145 1545 161 1566 ,
186 1526 240 1560 vel
259 1523 487 1571 interfecerat
503 1549 515 1567 ,
543 1521 639 1560 idem
648 1534 846 1575 pateretur.
889 1520 1014 1571 paucis
1026 1547 1042 1568 ,
1059 1532 1160 1560 nunc
1176 1531 1267 1559 vero
1282 1515 1381 1558 solus
1392 1530 1591 1571 pugnaret.
1625 1524 1704 1559 Do-
1761 1532 1767 1537 ⁸

38 1575 100 1614 ubi
123 1578 229 1630 igitur
258 1579 302 1617 ab
328 1579 491 1633 Argivis
516 1579 726 1618 tantundem
732 1579 844 1629 fiebat
888 1586 1006 1615 natus.

36 1644 147 1685 opem
169 1633 220 1672 ad
241 1636 466 1688 pugnandum
481 1662 495 1682 ‚
520 1650 554 1674 eo
568 1639 836 1688 AEnesusesbin-

942 1631 1200 1684 Divellimus]
1224 1628 1454 1676 E'm'voae&
1467 1629 1540 1670 five
1556 1632 1698 1685 Regres-

38 1689 180 1728 cluebat.
215 1690 286 1729 Sed
310 1690 561 1743 proculdubio
587 1694 703 1732 Po'e'ta
715 1692 761 1732 ad
788 1694 842 1732 lu·
863 1717 868 1752 Ι
883 1689 935 1738 fio
957 1704 967 1728 :
997 1701 1072 1744 qua
1082 1686 1199 1728 semel
1213 1685 1401 1740 propoiita
1415 1687 1556 1733 iterat,
1589 1689 1627 1725 δι
1644 1687 1705 1727 di-

37 1743 131 1786 dum
146 1746 415 1800 gladiatorium
440 1748 656 1788 contendit.
691 1753 747 1788 Eo
775 1762 845 1789 nos
892 1745 997 1784 vidit.
1029 1745 1076 1785 de
1090 1758 1166 1800 quo
1179 1744 1515 1797 Fabiusl.11.e.3.
1535 1746 1575 1783 &
1591 1743 1699 1791 dicit,

37 1801 145 1844 ducit
168 1802 326 1843 verbum
362 1808 460 1852 vito,
489 1804 592 1859 quod
627 1805 840 1859 oppositum
887 1802 1121 1843 devellimur:
1151 1801 1250 1857 quafi
1272 1799 1418 1841 accuset
1435 1828 1448 1846 ,
1487 1800 1591 1856 quod
1618 1814 1700 1841 non

32 1871 139 1914 imos
164 1858 253 1901 ficut
268 1863 507 1903 &vitationes
519 1864 557 1901 &
566 1865 761 1916 petitiones.
799 1865 840 1903 in
885 1859 1052 1913 perierit.
1085 1861 1340 1900 Taubmannus.

34 1926 152 1955 arena
174 1917 280 1956 enim
306 1918 359 1957 ita
384 1917 620 1972 pugnabatur
632 1947 643 1965 ,
669 1932 711 1959 ut
745 1933 842 1973 pene

34 1975 232 2024 expectato
255 1975 408 2015 alterius
434 1977 523 2016 istu.
580 1974 845 2018 Consentiunt

36 2028 107 2068 ista
119 2043 205 2069 cum
219 2033 474 2083 explicatione
490 2033 686 2086 scaligeri,
703 2035 743 2073 δε
759 2040 841 2074 Ser-

37 2086 191 2125 vianam
206 2100 394 2129 evertunt.
427 2088 488 2129 Est
503 2091 542 2128 &
557 2091 632 2129 alia
648 2086 767 2131 Servii
780 2105 836 2131 ex-

36 2142 193 2194 plicatio
208 2143 282 2182 haec
299 2159 308 2182 :
335 2149 490 2200 Legimus
503 2150 740 2201 etiampoenas
753 2152 842 2188 vices

39 2199 127 2240 dici.
157 2201 300 2239 Firmat
312 2214 354 2240 ex
367 2203 528 2241 Horatio
541 2202 609 2242 lib.
626 2217 657 2243 r.
673 2204 758 2245 oda
773 2207 837 2246 28.

142 2275 218 2286 —-—
245 2259 379 2297 Debita
389 2263 470 2310 jura
483 2262 800 2315 vicefilueficperbae

147 2319 192 2354 Te
222 2326 384 2354 maneant
408 2317 533 2370 ipfhm.

35 2367 176 2409 Cerda.

95 2430 166 2474 Et,
184 2426 216 2478 fi
237 2429 316 2474 fata
338 2429 481 2481 fuiffi’nt
496 2455 507 2472 ,
539 2439 577 2467 ue
600 2426 702 2478 cad]
729 2426 842 2483 Quali

31 2479 136 2526 dicat
153 2510 168 2530 ,
204 2481 229 2522 s1
251 2483 329 2523 fara
366 2481 611 2537 permiliss'ent
643 2485 840 2525 interitum

37 2549 184 2579 meum.
214 2546 390 2580 Donatus.

87 2608 186 2647 434.
216 2598 419 2651 Memmia]
450 2596 495 2638 Id
518 2596 570 2636 est
585 2626 595 2643 ‚
619 2596 772 2638 fortiter
786 2599 841 2637 di-

37 2650 200 2693 micasse.
233 2655 282 2693 Hi
296 2657 401 2693 euim
418 2666 610 2694 merentur
623 2655 757 2694 occidi.
775 2660 841 2695 Be-

37 2720 88 2747 ne
110 2720 236 2750 autem
261 2708 406 2750 evasisse
429 2711 704 2764 fatisimputat.
737 2718 840 2753 Cum

37 2773 119 2805 tam
144 2762 277 2815 senex,
319 2781 434 2822 quam
458 2767 599 2808 debilis
626 2769 773 2821 Iphitus
801 2772 838 2809 &

33 2821 158 2861 Pelias
181 2851 196 2872 ,
237 2821 424 2865 evaserint
468 2824 595 2865 occifis
623 2824 839 2876 juvenibus.

33 2881 192 2920 Servius.

93 2938 260 2991 Meruiffi
285 2939 426 2990 mmm]
460 2936 566 2977 {dest
582 2966 592 2983 ,
618 2939 674 2979 ita
686 2938 761 2979 fine
773 2941 844 2978 ali-

34 3003 112 3044 quo
135 2993 303 3047 respestu
329 3008 421 3034 meae
445 2991 571 3034 salutis
584 2997 772 3050 pugnavi,
802 3007 842 3035 ut

10 3052 249 3092 ·meruerim
271 3049 320 3093 ab
350 3050 522 3094 hostibus
551 3051 734 3095 interimi.
771 3059 843 3094 Do—

35 3118 152 3150 nullust·

940 1917 1034 1968 4360
1072 1920 1224 1956 Vulnere
1250 1915 1389 1967 Ulixi]
1427 1913 1529 1969 Qlia
1553 1913 1611 1954 illi
1640 1918 1696 1954 u-

886 1973 988 2026 lyxes
1013 1972 1218 2013 inflixerat.
1246 1975 1407 2012 Servius.

946 2031 1064 2070 Pelias
1076 2036 1128 2074 Θ·
1142 2034 1284 2069 vulnere
1298 2057 1309 2074 ‚
1328 2027 1434 2079 ξφα]
1461 2027 1541 2066 Adi
1559 2026 1689 2080 Agell-

886 2084 955 2125 lib.
976 2101 1016 2140 9.
1040 2099 1119 2139 cap.
1135 2100 1195 2127 12.
1230 2085 1344 2140 Qod
1371 2097 1462 2123 vero
1488 2083 1548 2123 hic
1562 2085 1693 2124 Poeta:

884 2143 1010 2185 tardus
1021 2142 1380 2196 vulnere,dupliciter
1394 2142 1528 2181 extulit
1540 2141 1650 2181 Liv.2
1661 2154 1677 2180 1
1686 2168 1698 2178 .

886 2200 932 2239 de
945 2201 1136 2253 Scipione3
1145 2202 1264 2256 gravis
1277 2202 1418 2239 vulnere
1428 2209 1516 2237 erat.
1549 2201 1596 2237 Et
1610 2197 1695 2237 dum

886 2260 1057 2299 meliorem
1068 2273 1111 2296 ex
1124 2257 1150 2296 d
1152 2259 1265 2298 ucibus
1280 2258 1578 2296 inutilemvulnus
1591 2257 1696 2305 face-

885 2326 954 2353 ret.
980 2314 1123 2361 Cerda.
1500 2320 1501 2323 ’

943 2382 1036 2422 437.
1068 2369 1274 2422 Protinus]
1305 2366 1475 2409 Servavit
1497 2365 1692 2413 ordinem,

887 2437 928 2466 ut
952 2427 1079 2477 primo
1091 2426 1137 2465 de
1148 2426 1271 2479 patria
1288 2454 1298 2472 ,
1330 2424 1415 2478 post
1428 2422 1474 2463 de
1487 2436 1574 2475 rege
1588 2436 1692 2464 cura-

887 2484 994 2522 verit.
1021 2486 1185 2524 Protinus
1210 2482 1267 2522 hic
1284 2481 1425 2538 statim.
1465 2479 1577 2519 Alibi
1590 2496 1695 2536 porro

885 2555 999 2580 tenus.
1033 2540 1192 2580 Servius.

942 2597 1129 2649 Clamore]
1151 2596 1306 2636 Bellico.
1336 2595 1494 2635 Servius.

939 2654 1129 2705 Clamore]
1154 2656 1244 2694 Non
1258 2651 1464 2704 specialiter
1477 2649 1526 2689 ab
1538 2650 1687 2704 aliquo,

883 2706 943 2749 sed
955 2709 1381 2763 clamorepugnantium
1401 2737 1415 2755 ,
1441 2720 1518 2761 quo
1544 2708 1691 2747 indica-

885 2778 945 2806 tur
955 2779 1048 2820 opus
1062 2765 1134 2807 effe
1146 2767 1291 2806 auxilio
1303 2793 1320 2814 ,
1343 2764 1390 2803 ad
1403 2763 1686 2804 defendendam

885 2826 1029 2877 regiam
1049 2839 1059 2864 z
1091 2824 1188 2877 apud
1213 2836 1326 2877 quam
1352 2822 1471 2861 acrius
1496 2820 1693 2874 pugnaba-

886 2892 945 2920 tur
958 2892 1110 2935 propter
1122 2881 1286 2935 gloriam
1299 2908 1311 2927 ,
1340 2880 1380 2919 &
1406 2877 1580 2932 praedarn.
1613 2885 1690 2919 Do-

885 2950 1004 2977 natur.

944 2996 1106 3046 Vocata]
1130 2996 1355 3034 Clamorem
1370 2989 1499 3031 secuti.
1528 2994 1692 3032 Servius.

944 3053 1036 3103 438.
1082 3056 1264 3107 Ingentem
1299 3051 1485 3106 pugnam]
1526 3049 1692 3091 Merito,

891 3109 1029 3164 quippe
1053 3108 1097 3149 in
1120 3111 1242 3149 domo
1267 3110 1368 3162 regia
1384 3135 1398 3156 ,
1428 3104 1493 3146 ubi
1506 3115 1569 3144 aut
1582 3115 1693 3158 caput

904 3160 907 3164 ⁵
1160 3169 1197 3206 C
1212 3177 1229 3205 c
1261 3180 1280 3217 ,ς
1537 3162 1703 3216 Reipub.
