2037 3787
433 137 905 195 AENEIDos

980 130 1040 184 'L
1063 146 1158 189 13.
1199 132 1246 190 Ῑ.
1575 152 1682 210 219

127 229 326 289 Italiam
343 223 518 283 dixiffe
534 223 675 282 ducis
692 223 760 282 de
776 222 991 282 nomine
1007 239 1240 302 gentem.

135 316 256 369 Huc
274 305 443 368 cursus
462 304 571 368 fuit.

15 407 113 477 535
133 397 275 462 Cum
290 389 457 450 subito
473 388 747 471 adsurgens
762 388 922 446 flueku
940 383 1204 446 nimbosus
1224 384 1399 444 Orion

1618 472 1685 527 In

9 543 169 601 Aristot.
191 555 260 598 lib.
276 569 313 609 7.
341 554 456 596 Polit.
484 554 606 608 (unde
635 555 818 610 Virgilius
864 550 1167 606 curfiesfuitzhoc
1178 548 1250 599 est,
1263 548 1341 590 haec
1354 547 1684 604 navigatiomam

0 629 138 658 ¹totum
164 615 262 654 hunc
281 614 694 665 locumintetpretatus
707 624 816 652 nota·
865 609 956 650 finis
989 608 1287 655 desideraretur,
1316 608 1365 649 ad
1389 619 1504 663 quem
1528 609 1675 654 locum,

0 669 70 715 :tut
81 670 103 712 a
117 671 437 725 Nannio)aliique
450 672 552 709 varia
565 670 815 710 tradiderunt.

11 729 133 770 Reste
145 724 304 768 auteme
326 731 435 767 MSS.
465 725 652 781 (ejusdem
671 726 814 767 Nannii

0 782 216 836 sententia)
231 787 369 825 Oenotri
379 784 536 838 legitur,
551 798 634 825 non
648 785 818 825 Oenotrii:

6 845 99 882 ‘cum'
109 843 149 880 &
164 843 304 882 Graecis
316 842 367 882 Οἱ
372 840 492 892 νωἽρςὶ
504 842 690 883 dicantur.
708 841 818 882 Taub-

0 913 175 943 immnus-

65 959 190 996 Fama.
200 955 219 1007 ]
231 951 481 994 subaudimus
494 984 505 1002 ‚
520 953 579 1008 est.
611 954 775 994 Servius.

65 1013 258 1063 Minora]
284 1015 453 1058 Maiores
463 1014 502 1052 ὅ(
517 1013 706 1058 minores,
719 1022 815 1064 quo-

9 1068 113 1110 tiens
137 1069 185 1109 de
207 1081 347 1123 genere
357 1069 519 1118 dicimus
533 1097 546 1116 ,
570 1067 721 1108 numeri
733 1065 819 1106 sunt

9 1136 164 1167 tantuin
176 1125 346 1180 pluralis.
379 1126 497 1167 Idem.

69 1195 160 1238 533.
195 1183 378 1234 ltaliam]
409 1186 527 1224 Italus
547 1193 610 1220 rex
623 1179 755 1220 Siciliae
767 1179 816 1219 ad

9 1250 97 1278 eam
108 1252 254 1292 partem
268 1239 434 1287 veninin
449 1252 520 1293 qua
533 1239 705 1291 regnavit
716 1240 814 1275 Tut-

11 1308 84 1335 nus
97 1308 110 1341 3
138 1309 253 1351 quam
287 1292 311 1335 Ξι
335 1293 400 1335 suo
425 1296 589 1335 nornine
611 1294 817 1347 appellavit

7 1356 170 1393 Italiam.
201 1351 316 1393 Unde
328 1352 381 1392 est
394 1380 405 1397 ‚
419 1356 524 1392 Fines
529 1354 634 1406 fieper
644 1354 745 1405 ufiyue
759 1354 814 1389 Si-

7 1423 121 1449 canos.
137 1413 227 1450 Non
239 1407 353 1461 usque
363 1409 410 1448 ad
423 1409 589 1448 Siciliam
605 1411 695 1460 (nec
709 1409 815 1447 enim

7 1476 162 1518 poterat
170 1466 273 1520 fieri)
288 1464 350 1504 sed
362 1464 476 1520 usque
488 1466 535 1505 ad
548 1479 592 1504 ea
602 1469 684 1505 loca
697 1493 710 1511 ‚
737 1479 817 1520 quae

11 1533 217 1563 tenuerunt
231 1524 354 1562 Sicani
369 1551 381 1570 ,
407 1523 446 1562 id
458 1523 510 1562 est
526 1551 542 1570 ,
557 1520 703 1563 Siculi}
719 1524 819 1562 Sica-

8 1590 65 1618 no
76 1607 90 1626 ‚
116 1581 204 1619 Itali
224 1578 352 1620 fratre.
387 1581 466 1619 Alii
481 1583 631 1620 Italiam
644 1577 667 1619 Ξι
682 1579 819 1628 bubus,

11 1635 147 1690 quibus
159 1636 212 1676 est
229 1639 340 1677 Italia
349 1635 500 1681 fertilis,
514 1637 601 1690 quia
617 1638 735 1676 Gtaeci
750 1636 819 1677 bo-

9 1704 75 1732 ves
88 1698 218 1740 Italos,
244 1707 315 1733 nos
325 1698 459 1734 vitulos
468 1693 654 1734 dicimus:
689 1696 771 1734 Alii
797 1694 818 1735 Ξι

7 1761 100 1802 rege
121 1752 304 1804 Ligurum
324 1754 451 1798 11:1103
481 1749 580 1791 aliia
594 1755 818 1805 Corcyte03

12 1807 77 1846 alii
105 1803 127 1846 Ξι
139 1808 295 1848 Veneris
305 1809 390 1847 filio
404 1837 416 1854 ,
444 1821 532 1862 rege
543 1813 787 1848 Lucanorum
801 1822 813 1854 3

9 1863 76 1902 alii
90 1860 113 1902 Ξι
125 1865 292 1918 quodam
307 1873 460 1919 Augure
473 1894 484 1911 ,
514 1867 675 1920 quicum
692 1867 823 1906 Siculis

11 1921 55 1960 in
69 1919 143 1960 haec
155 1923 239 1961 loca
264 1924 412 1962 venerit
426 1951 437 1968 ‚
468 1936 656 1977 quamque
683 1923 739 1962 his
765 1937 821 1962 te-

10 1977 172 2030 gionem
193 1979 476 2033 inauguraverit
507 1983 529 2008 *
561 1981 684 2032 plures
722 1982 821 2019 alate

11 2045 123 2074 tenar
149 2036 190 2075 in
215 2047 308 2089 pote
331 2036 514 2076 defutura.
558 2038 707 2076 Minois
722 2037 823 2092 regis

14 2092 258 2133 Cretensium
281 2092 402 2135 filiam
430 2094 585 2134 ltaliam
598 2094 754 2136 distam.
784 2101 823 2136 1-

17 2147 110 2187 dem.

77 2207 186 2245 Ducis
198 2205 243 2245 de
254 2208 572 2260 nomine-zeneemss
597 2215 618 2249 1
621 2210 728 2254 talus,
744 2212 825 2247 Rex

19 2259 153 2300 siciliae
163 2262 208 2301 ad
222 2276 309 2302 eam
320 2259 468 2316 partem
481 2267 587 2305 venit
601 2293 612 2310 ,
625 2266 668 2304 in
681 2278 753 2319 qua
767 2279 824 2304 re-

15 2320 150 2369 gnavit
175 2324 352 2359 Turnus:
382 2334 495 2375 quam
521 2319 542 2361 Ξι
567 2319 633 2360 suo
661 2322 824 2362 nomine

16 2375 170 2414 Italiam
184 2378 388 2429 appellavit
403 2377 412 2414 >:
427 2389 467 2418 ut
479 2378 635 2432 quidem
651 2380 728 2417 vult
743 2384 825 2418 Set-

14 2431 98 2471 vius
115 2446 123 2469 :
153 2431 214 2472 sed
241 2435 308 2472 alii
332 2435 454 2474 aliter.
508 2435 686 2474 Videatur
710 2435 826 2475 Hadt.

15 2489 168 2541 Junius,
184 2488 249 2529 lib.
263 2505 293 2529 5.
308 2503 386 2544 cap.
403 2493 470 2531 ult.
488 2493 528 2531 &
546 2493 690 2532 Plinius
703 2491 770 2530 lib.
790 2505 825 2544 3.

13 2557 93 2598 cap⁴
104 2561 136 2597 5.
154 2545 220 2586 ubi
233 2548 352 2586 etiam
367 2548 414 2587 de
427 2547 598 2588 ubertate
612 2549 729 2587 Italia:
743 2562 827 2600 per-

15 2603 152 2642 trastat
164 2633 176 2651 ,
209 2615 251 2643 ut
276 2606 316 2643 &
342 2605 471 2646 Livius
484 2605 553 2645 lib.
570 2619 608 2646 2.
620 2605 716 2644 Belli
730 2608 821 2646 Pun.

17 2662 56 2715 J.
71 2663 213 2714 Scoppa
227 2662 335 2714 legit,

42 2735 118 2748 ·-—-
131 2734 220 2758 nunc
221 2722 328 2771 fama
339 2721 509 2759 minorum
523 2725 543 2759 Ι
549 2720 672 2758 taliam
685 2747 697 2766 ,
711 2725 792 2764 &a

17 2772 184 2815 Taubrn.

73 2843 92 2880 ,ς
103 2842 165 2881 34.
198 2837 279 2871 Huc
289 2832 590 2884 curficsfuit.]Vel
602 2830 670 2872 iste
682 2829 827 2881 cursus,

18 2885 78 2924 vel
91 2899 159 2938 pro
173 2888 286 2934 illuc3
317 2894 365 2928 Et
391 2891 505 2942 cursus
531 2888 690 2929 verbum
706 2891 829 2929 nauti-

19 2954 106 2982 cum
133 2943 186 2983 est
200 2973 212 2990 ,
237 2956 277 2984 ut
288 2945 380 2985 alibi
394 2976 407 2994 ‚
439 2953 542 2986 Hunc
552 2949 684 2999 cursum
699 2950 830 2987 Iliacas

16 3010 123 3038 vento
136 3004 279 3054 tenuiſj}
292 3005 441 3042 carinas.
475 3003 646 3043 Servius..
698 3034 701 3035 γ

73 3061 154 3096 Huc
165 3061 282 3110 curfics
291 3060 402 3111 fuit.]
431 3063 680 3114 Nequaquam
697 3061 835 3113 placet,

16 3113 121 3167 quod
148 3114 191 3154 in
216 3114 412 3157 codicibus
426 3118 723 3172 aliquotlegitur
740 3145 751 3164 ,
784 3119 835 3158 hic

872 669 1033 708 Pierius.

923 727 1005 762 Huc
1015 722 1247 775 curfiasfuit]
1271 723 1355 761 Hoc
1367 718 1421 760 est
1432 720 1600 773 primum
1615 720 1684 762 he·

869 777 1101 819 mistichium
1115 807 1128 825 ,
1142 781 1181 819 &
1196 777 1442 832 imperfestus
1452 775 1575 819 versus
1589 808 1600 826 ,
1616 781 1683 835 qui

869 836 1032 875 occurrit
1045 837 1087 876 in
1100 835 1280 889 Virgilio.
1323 839 1418 875 Sunt
1442 835 1507 890 qui
1531 848 1686 889 putent,

868 890 993 933 versus
1005 891 1097 932 istos
1108 892 1369 937 detruncatos,
1381 893 1446 947 qui
1459 894 1499 931 in
1514 892 1587 932 hoc
1599 906 1687 935 vate

870 947 1057 997 visuntur,
1073 949 1197 990 fastos
1209 950 1263 988 ita
1278 963 1320 988 ex
1334 948 1458 989 studio
1471 950 1516 989 ad
1529 948 1583 990 sui
1595 952 1685 1006 glo-

868 1006 983 1055 tiam,
996 1019 1036 1048 ut
1047 1009 1114 1062 qui
1124 1005 1231 1046 sciret
1252 1005 1357 1051 ,fore
1369 1007 1569 1046 neminem
1588 1037 1599 1054 ,
1615 1010 1683 1063 qui

869 1062 988 1117 posset
998 1066 1174 1117 implere.
1205 1063 1289 1102 Alii
1303 1060 1425 1102 rursus
1437 1075 1574 1117 putant
1587 1093 1598 1111 ,
1611 1079 1684 1107 eos

868 1134 948 1160 non
962 1120 1152 1175 suppletos
1167 1150 1178 1167 ‚
1205 1125 1300 1161 Vate
1314 1133 1441 1159 morte
1454 1122 1684 1176 intercepto,

867 1180 907 1217 ὃς
921 1192 1148 1233 argumento
1161 1179 1214 1219 est
1229 1207 1240 1226 ,
1269 1179 1417 1217 nullum
1433 1177 1510 1216 tale
1523 1182 1683 1232 repetiti

865 1235 907 1274 in
923 1238 1111 1276 Bucolicis
1125 1239 1164 1275 ὅς
1180 1236 1382 1289 Georgicis
1399 1263 1410 1279 ‚
1441 1233 1577 1289 quibus
1602 1237 1682 1277 im·-

869 1291 983 1347 pofita
1008 1306 1178 1333 extrema
1204 1306 1341 1333 manus
1356 1321 1368 1338 ,
1399 1292 1501 1345 quod
1532 1294 1684 1334 benefi-

865 1350 967 1389 cium
981 1350 1134 1391 AEn'eidi
1149 1364 1229 1390 non
1242 1349 1389 1389 accidit.
1420 1350 1596 1389 Nannius
1606 1352 1678 1393 1.6.

869 1405 1030 1447 Miscell.
1068 1412 1192 1459 plures
1231 1405 1449 1457 hujusmodi
1481 1405 1604 1446 versus
1634 1422 1680 1449 ex

868 1461 1006 1518 scripto
1019 1466 1149 1504 codice
1161 1467 1283 1517 replet
1297 1469 1309 1511 ’,
1321 1478 1417 1519 quos
1429 1466 1575 1503 omitto
1595 1495 1606 1513 ,
1639 1479 1686 1506 ut

870 1522 934 1574 qui
948 1534 1077 1574 putem
1096 1535 1220 1562 metas
1233 1519 1305 1561 effe
1318 1518 1503 1568 affutelas,
1519 1523 1559 1561 &
1572 1524 1682 1563 ocio-

870 1578 1065 1628 fialicujus
1078 1579 1334 1633 impendium.
1369 1578 1497 1618 forda.
1663 1603 1666 1606 ‹

928 1649 972 1690 53
986 1649 1017 1683 5.
1053 1639 1296 1690 Cumfitbito]
1317 1637 1470 1687 Sifubito
1482 1635 1682 1681 HuHmno-

871 1704 963 1732 men
977 1692 1031 1732 est
1051 1712 1061 1741 ς
1087 1692 1113 1734 fi
1138 1707 1202 1748 per
1226 1692 1264 1734 se
1274 1695 1419 1741 fidn'to,
1441 1691 1684 1735 adverbium.

871 1754 1031 1790 Servius.
1528 1756 1531 1759 ⁴

928 1808 1148 1863 'Adficrgem
1162 1807 1269 1860 fluH.
1293 1806 1425 1851 nimb]
1467 1805 1594 1845 Orion
1608 1820 1686 1854 rex,

870 1875 957 1902 cum
971 1864 1074 1905 filios
1087 1877 1166 1904 non
1181 1864 1352 1911 haberet,
1365 1861 1386 1902 a
1400 1865 1495 1917 Jove
1509 1891 1521 1909 ,
1539 1867 1687 1917 Neptu-

873 1934 926 1959 no
941 1923 980 1961 &
994 1923 1191 1962 Mercurio
1206 1951 1217 1968 ,
1243 1923 1331 1970 vel,
1365 1933 1407 1960 ut
1430 1921 1587 1975 quidam
1607 1933 1689 1961 tra-

870 1977 984 2025 dunt,
999 1992 1080 2019 non
1092 1975 1115 2018 ὶ
1129 1982 1326 2032 Neptun0‚
1343 1976 1406 2018 sed
1420 1982 1544 2018 Marte
1564 2007 1575 2025 ,
1590 1993 1688 2034 quos

872 2033 1040 2087 hospitio
1053 2034 1258 2089 susteperat
1271 2065 1282 2082 ,
1299 2033 1544 2076 hortantibus
1561 2064 1571 2082 ,
1587 2037 1687 2090 petit

875 2103 915 2132 ut
926 2091 995 2132 fibi
1007 2092 1111 2133 filios
1122 2094 1258 2134 darent
1273 2108 1284 2132 ε
1311 2094 1397 2139 illi,
1422 2093 1524 2132 intra
1535 2096 1685 2135 corium

875 2150 1073 2191 immolati
1096 2149 1163 2191 fibi
1188 2151 1301 2193 bovis
1317 2151 1428 2190 urina
1438 2149 1537 2190 fasta
1549 2178 1563 2198 ,
1596 2164 1690 2204 ptae-

872 2219 1071 2260 ceperunt,
1083 2219 1125 2248 ut
1136 2236 1151 2257 ,
1166 2208 1563 2260 completismaternis
1578 2223 1690 2249 men-

872 2262 970 2305 fibus
981 2263 1200 2306 solveretur.
1234 2266 1325 2321 Qio
1346 2265 1453 2305 fadio
1468 2294 1480 2311 ,
1505 2266 1697 2307 inventus.

875 2321 929 2360 est
952 2335 1068 2374 puer:
1103 2324 1162 2362 cui
1188 2321 1398 2362 nomenab
1412 2322 1695 2375 utinaimpofi-

875 2389 977 2427 tum,
991 2391 1031 2419 ut
1044 2378 1159 2429 ἐρέων
1173 2380 1374 2419 diceretur.
1411 2380 1528 2433 Qod
1547 2381 1694 2420 Dorica

875 2435 1004 2488 lingua
1028 2448 1311 2476 commutatum
1336 2435 1387 2475 est
1405 2450 1415 2474 ε
1444 2447 1487 2476 ut
1513 2452 1552 2475 ου
1578 2437 1693 2490 diph-

875 2490 1044 2545 thongus
1066 2493 1109 2531 in
1138 2509 1152 2530 o
1180 2504 1399 2533 verteretur·
1430 2493 1545 2546 Quod
1558 2506 1691 2535 autem

874 2549 1096 2603 plerumque
1110 2550 1232 2601 prima
1245 2548 1384 2604 syllaba
1399 2549 1524 2589 brevis
1536 2552 1693 2591 inveni-

876 2615 936 2644 tur
950 2606 1179 2646 &hocloco
1199 2636 1211 2654 ‚
1237 2621 1324 2646 cum
1351 2606 1392 2646 fit
1407 2619 1541 2648 natura
1557 2610 1689 2663 longa,

878 2666 1011 2702 Graeca:
1022 2664 1184 2703 tationis
1197 2663 1262 2704 est.
1298 2668 1398 2704 Nam
1425 2665 1611 2705 detraffio
1642 2667 1690 2708 fit

877 2736 897 2758 υ
909 2720 1044 2769 literae,
1058 2723 1098 2760 &
1112 2737 1127 2759 ο
1141 2735 1317 2762 remanet
1331 2721 1456 2761 brevis
1474 2737 1484 2762 ε
1512 2735 1588 2778 quo
1602 2737 1692 2764 mo-

879 2776 931 2816 do
943 2775 1028 2832 ἕρειι
1044 2793 1087 2817 τε
1103 2781 1283 2825 σκιόεντα,
1299 2792 1366 2832 pro
1379 2779 1473 2832 ἔρεσιι
1489 2781 1527 2819 &
1540 2778 1691 2829 ‘mino-ov,

875 2846 948 2886 pro
962 2836 1124 2876 mlum.
1170 2842 1219 2877 Et
1245 2836 1318 2875 hoc
1332 2837 1420 2891 quia
1435 2850 1500 2876 aut
1514 2854 1540 2876 ω
1555 2837 1608 2878 est
1623 2852 1672 2879 na
1683 2863 1692 2872 ·

878 2893 1051 2933 turaliter
1074 2894 1192 2945 longa
1208 2922 1219 2939 ,
1268 2904 1334 2932 aut
1363 2911 1383 2933 a
1412 2894 1694 2949 diphthongus.

882 2953 1073 2990 Caetetum
1088 2949 1112 2989 fi
1126 2949 1168 2989 fit
1181 2951 1222 2988 in
1236 2952 1393 3003 proprio
1408 2952 1569 2991 nomine
1582 2953 1690 2993 dich-

879 3016 1014 3054 tonos‚
1026 3019 1067 3047 ut
1081 3021 1146 3046 om
1154 3020 1217 3046 nes
1231 3010 1375 3047 Latinae
1387 3005 1471 3048 sunt
1488 3021 1497 3046 :
1512 3012 1691 3062 proprio‘

879 3076 964 3102 rum
991 3066 1199 3103 nominum
1223 3064 1425 3104 abutemur
1438 3067 1592 3105 licentia
1607 3096 1617 3112 ,
1650 3082 1693 3109 ut

879 3119 921 3161 in
945 3121 1091 3162 artibus
1113 3123 1255 3163 lestum
1280 3121 1347 3164 est.
1390 3124 1462 3164 Hic
1475 3136 1564 3164 vero
1588 3129 1694 3165 Olim

1566 3182 1696 3236 postca

1711 2272 1739 2300 ἢ,

1734 2299 1756 2314 X*
