2037 3787
467 119 939 179 AENsstnos

1027 120 1196 183 [ΛΒ.
1238 120 1292 183 L·
1635 144 1734 204 135

45 237 157 294 290
172 199 411 291 Accipies
426 207 617 283 secura.
659 208 927 269 vocabitur
943 205 1025 264 hic
1043 208 1257 289 quoque
1275 207 1433 272 votisss

167 294 366 374 Aspera
380 313 493 350 tum
508 291 683 373 positis
698 291 972 351 mitescent
987 289 1167 349 saecula
1187 290 1356 353 bellis.

166 381 314 436 Cana
333 375 482 436 Fides
500 415 517 445 ,
552 381 607 435 δε
625 374 788 437 Vesta
806 416 823 444 ,
853 377 1037 433 Remo
1052 372 1343 433 cumfratre

1425 373 1613 433 uirinus

1602 461 1725 533 Jura

94 554 189 596 ²90·
216 543 392 598 Accipies
396 541 563 596 ficum]
578 539 852 596 Qaresbcura,
896 536 1009 586 item,
1032 537 1116 593 post
1128 537 1273 581 bellum
1285 539 1472 594 Punicum
1485 536 1695 581 secundum
1712 557 1725 582 ε

34 606 103 639 aut
116 599 203 654 quia
215 596 516 645 nuncsollicita3
542 603 624 638 Aut
648 599 737 653 quia
759 603 847 639 Cae-

0 655 5 661 “
32 652 102 696 sar
116 655 198 709 post
222 667 393 696 mortem
419 655 563 696 meruit
585 667 690 695 aram
705 685 717 702 ,
741 654 848 695 fasti-

32 712 139 766 gium
155 741 168 760 ‚
184 713 398 755 flaminem
412 742 424 762 ‚
438 725 481 755 ut
494 713 634 754 Cicero
647 713 692 753 in
704 712 799 756 Phili
804 725 847 767 p-

33 770 142 824 picis·
175 770 287 810 Idem.

87 829 266 882 Accipies
281 827 440 880 [ἱκανὼ]
466 825 568 885 Qtia
579 825 663 878 post
678 836 846 866 mortem

32 879 156 923 Caesar
167 885 418 925 meruitaram
430 882 502 924 five
522 887 690 938 pulvinar
702 911 715 930 ,
731 884 846 934 fimu-

22 941 162 980 lacrum
173 940 374 995 ,fitstigium
388 970 403 990 ‚
411 942 597 995 flaminem
611 959 624 981 .·
646 952 689 981 ut
701 941 757 980 ait
771 940 841 979 Ci-

28 998 116 1036 cero
128 1022 146 1045 ,
169 994 335 1052 Philipp.
352 1013 387 1039 2.
416 996 485 1039 sub
507 998 645 1039 finem.
686 996 774 1039 vide
800 999 842 1037 &

32 1057 192 1094 sueton,
211 1057 250 1096 ἃ
265 1054 453 1107 Iflutarch.
480 1057 624 1096 Taubm.

70 1113 140 1152 Hic
150 1113 322 1167 quoque]
334 1108 460 1152 Potest
471 1110 639 1164 intelligi
650 1107 741 1150 ficut
753 1120 843 1163 ego,

28 1165 120 1208 ficut
133 1179 188 1217 tu,
202 1168 292 1210 ficut
304 1171 494 1211 Romulus
508 1183 518 1207 :
535 1165 609 1213 ised
625 1167 762 1207 melius
775 1166 843 1207 lic-

29 1236 74 1266 ut
84 1229 227 1266 AEneas
241 1255 254 1274 ,
279 1227 326 1267 de
339 1240 415 1282 quo
424 1225 593 1279 superius
616 1225 670 1263 ait
685 1254 694 1270 ‚
729 1225 844 1269 Subli-

31 1297 190 1338 memqne
214 1287 312 1336 fi’res
334 1285 384 1322 ad
400 1283 523 1335 fidera
545 1285 621 1323 coeli
649 1284 846 1338 Magnani-

26 1353 123 1379 mum
134 1346 297 1380 AEneam·
326 1341 492 1379 servias.

86 1398 269 1451 Qoque.]
298 1401 455 1449 Semper
479 1395 526 1435 ad
547 1393 842 1435 similitudinem

27 1453 213 1506 ponitur:
241 1467 298 1501 ut,
330 1461 379 1494 Tu
394 1455 691 1509 quoquelitoribm
704 1453 838 1508 nqftris.

29 1507 152 1550 Idem.

85 1566 229 1620 Votis]
243 1567 313 1609 Vel
324 1565 372 1606 ad
386 1577 490 1614 vota,
503 1567 581 1617 vel,
594 1567 688 1609 votis
699 1567 842 1608 vocabi-

23 1633 95 1664 tur.
129 1623 254 1663 Idem.
298 1656 306 1662 ,

82 1683 277 1722 Vocabitur
285 1681 344 1721 hr‘c
354 1688 488 1737 quoque
499 1680 842 1732 votis.]Suet0nius

26 1736 71 1776 in
96 1737 201 1791 Julio
222 1752 301 1791 cap.
319 1753 383 1789 25.
410 1739 511 1779 Plebs
525 1737 840 1789 Romanasbliclam

23 1798 215 1834 columnam
222 1810 322 1852 prope
335 1799 466 1852 viginti
473 1796 603 1851 pedum
616 1794 747 1851 lapidis
760 1801 837 1835 Nu-

26 1852 148 1891 midici
156 1856 195 1892 in
193 1857 271 1903 foro
275 1852 421 1906 statuit,
421 1853 637 1909 firipfitque
652 1882 664 1899 ,
677 1855 838 1891 PAREN-

30 1922 76 1949 τι
103 1911 293 1950 PArmffl.
336 1910 458 1965 Apud
479 1927 557 1951 eam
580 1914 673 1966 longo
692 1921 843 1965 tempore

17 1967 221 2018 fiacrisz'care
236 1996 246 2014 ,
275 1969 530 2023 votafiascipere
544 1996 556 2013 ,
587 1968 840 2019 controverfias

23 2024 196 2077 quafilam
214 2056 225 2069 ‚
238 2027 435 2080 interpofito
443 2039 507 2081 per
522 2033 550 2066 C
553 2028 841 2079 aesc'zremjureju-

22 2079 159 2126 vando,
183 2081 374 2133 distrahere
392 2085 649 2139 persbveravit.
700 2082 840 2121 Cicero

26 2148 179 2191 quoque
190 2138 233 2177 in
243 2138 406 2192 thilipp.
424 2141 464 2179 ὃς
477 2140 696 2180 Plutarchus
711 2167 722 2184 ‚
739 2139 840 2178 divi-

26 2194 165 2233 nitatis
186 2195 344 2235 Caesatis
366 2194 840 2249 meminerecverbaipsa

24 2251 236 2290 continent
256 2251 427 2293 formam
449 2254 570 2294 Latii.
619 2256 718 2293 Nam
745 2255 838 2293 votis

27 2322 151 2347 vocare
171 2320 241 2360 pro
252 2307 420 2349 formula
431 2309 649 2350 divinitatis
661 2309 837 2351 habitum

25 2363 69 2404 in
83 2377 131 2404 eo
143 2366 299 2418 populo,
332 2370 392 2405 Ita
404 2367 448 2406 in
462 2371 608 2420 Georg.

132 2423 376 2474 &votisjam
387 2440 474 2464 nunc
486 2426 632 2477 affice-sie
641 2425 775 2463 vocari.

25 2479 110 2519 Huc
121 2477 281 2522 allusum
295 2477 318 2521 Ξι
330 2482 533 2534 Propertio
548 2510 560 2529 ,
584 2478 731 2520 etiamsi
743 2481 787 2521 in
798 2492 839 2519 re

26 2536 101 2576 alia
115 2564 126 2582 ,
149 2535 219 2576 lib.
240 2552 270 2578 ι.
287 2540 336 2578 el.
353 2551 417 2578 10.

138 2591 157 2632 3
168 2597 303 2648 quoties
312 2597 406 2635 votis
416 2593 481 2635 illa
493 2593 656 2634 vocanda
670 2594 771 2635 mebr-

28 2648 70 2690 ὃς
83 2647 131 2689 ab
144 2651 390 2692 Horatiolib.
405 2666 442 2700 4.
458 2651 521 2692 od.
543 2664 577 2703 ς.
616 2667 620 2671 ·

83 2709 187 2748 Votis
197 2711 370 2757 omnibus,
384 2714 435 2754 (φ
442 2711 604 2766 precibus
617 2718 733 2748 vocat.

24 2763 168 2815 0²1⁰de
787 2763 792 2769 ι

82 2834 173 2874 291.
202 2824 350 2877 Aspera
371 2822 483 2876 tum]
513 2821 559 2861 1d
585 2819 641 2861 est
653 2850 668 2871 ‚
695 2818 842 2861 Caes‘are

13 2876 247 2918 consecrato
261 2907 273 2924 ‚
302 2892 421 2933 quum
457 2877 648 2933 Augustus
681 2891 842 2933 regnare

23 2936 189 2989 coeperit
201 2963 216 2984 ‚
240 2933 368 2976 clauso
380 2937 472 2994 Jani
484 2938 632 2989 templo
644 2965 658 2985 ,
689 2950 756 2989 pax
770 2937 844 2976 erit

22 3003 88 3045 per
99 2991 251 3039 orbem,
268 2994 333 3047 qui
345 2995 532 3048 quoniam
544 2997 567 3022 *
580 2992 840 3033 claudebatur.

25 3048 199 3090 Constat·
214 3062 342 3090 aurem
368 3052 558 3105 templum
584 3050 657 3090 hoc
681 3061 740 3090 ter
770 3048 841 3090 effe

20 3105 199 3148 clausum.
260 3108 434 3151 Primum
466 3119 654 3163 regnante
690 3110 815 3149 Numa
835 3121 845 3147 ι

893 597 1010 636 tertio
1021 596 1105 648 post
1116 597 1218 638 bella
1232 599 1391 637 Astiaca
1407 624 1420 643 ‚
1450 609 1530 653 quae
1551 597 1723 639 confecit

897 652 1087 706 Augustus
1104 672 1114 701 ς
1150 667 1230 709 quo
1263 666 1441 708 tempore
1465 665 1534 708 pax
1559 656 1718 710 quidem

894 706 969 749 fuit
982 737 998 758 ‚
1014 721 1201 763 quantum
1215 712 1261 751 ad
1274 724 1419 752 exteras
1434 711 1603 765 pertinet
1615 725 1714 766 gen-

896 777 976 806 tes:
989 763 1053 806 sed
1069 767 1167 806 bella
1180 767 1387 822 flagi-avere
1397 769 1540 815 civilia,
1555 769 1660 824 quod
1675 771 1717 810 &

895 819 973 875 ipse
984 836 1050 876 per
1060 822 1262 865 tranfitum
1274 826 1427 880 tangit3
1452 825 1584 865 dicens
1600 854 1612 873 ,
1640 833 1714 868 Fu—

894 895 950 919 mr
960 883 1090 934 impius
1102 884 1213 920 inem.
1235 883 1354 931 Huius
1367 894 1498 923 autem
1512 883 1714 936 aperiendi

895 937 956 976 vel
978 936 1183 977 claudendi
1205 939 1348 991 templi
1372 937 1480 979 'ratio
1502 940 1604 980 varia
1635 940 1688 984 est
1707 954 1719 980 :

893 993 958 1032 alii
967 993 1114 1042 dicunt,
1123 997 1295 1035 Romulo
1307 1006 1442 1035 contra
1455 995 1620 1037 sabinos
1644 1010 1716 1051 pu·-

890 1062 1051 1104 gnante,
1064 1063 1182 1106 quum
1195 1054 1240 1092 in
1252 1065 1300 1092 eo
1311 1049 1415 1098 effet,
1427 1064 1470 1092 ut
1482 1053 1714 1102 vinceretur,

891 1108 1058 1148 calidam
1071 1121 1212 1163 aquam
1227 1123 1270 1150 ex
1284 1109 1424 1150 eodem
1435 1110 1524 1150 loco
1537 1109 1716 1164 erupisse,

893 1178 973 1219 quae
993 1164 1140 1221 firgavit
1176 1167 1386 1208 exercitum
1422 1165 1710 1209 Sabinorum-2.

896 1221 996 1263 Hinc
1008 1236 1104 1278 ergo
1118 1225 1283 1266 uastum
1297 1237 1451 1264 morem
1468 1252 1483 1273 ,
1503 1234 1545 1264 ut
1569 1238 1714 1279 pugna-

894 1279 968 1319 turi
981 1282 1176 1334 aperirent
1189 1283 1395 1334 templum,
1417 1281 1521 1336 quod
1534 1281 1576 1321 in
1590 1283 1715 1322 eolo-
1741 1323 1752 1335 ⁸

892 1349 939 1375 co
950 1336 1075 1378 fuerat
1086 1338 1341 1379 constitutum
1356 1368 1368 1385 ‚
1383 1338 1430 1378 ad
1443 1336 1547 1392 spem
1560 1338 1712 1393 pristini

892 1395 1040 1434 auxilii.
1080 1397 1164 1436 Alii
1186 1396 1322 1437 dicunt
1331 1396 1490 1436 Tatium
1506 1398 1545 1436 ὃς
1561 1401 1715 1438 Romu·

890 1451 971 1491 lum
976 1452 1105 1500 ,fasto
1116 1452 1279 1500 foedere,
1299 1453 1372 1493 hoc
1387 1454 1578 1508 templum
1593 1453 1714 1494 aedifi-

891 1506 1011 1556 casse3
1045 1510 1148 1549 unde
1178 1512 1219 1551 &
1244 1515 1365 1566 Janus
1388 1508 1465 1563 ipse
1490 1510 1583 1550 duas
1594 1510 1710 1550 facies

895 1563 1027 1611 habet,
1038 1565 1139 1621 quali
1152 1578 1192 1607 ut
1204 1567 1381 1607 ostendat
1392 1567 1559 1607 duorum
1574 1581 1709 1621 regum

891 1623 1132 1664 coitionem:
1167 1626 1228 1664 vel
1253 1624 1356 1679 quod
1379 1624 1429 1664 ad
1453 1624 1600 1664 bellurn
1618 1625 1710 1664 ituri

891 1678 1035 1719 debent
1048 1681 1093 1721 de
1105 1694 1192 1734 pace
1209 1682 1391 1736 cogitare.
1439 1681 1501 1723 Est
1525 1682 1600 1721 ulia
1624 1695 1710 1720 me-

888 1738 965 1776 lior
977 1738 1201 1793 ratio,quod
1213 1739 1260 1779 ad
1275 1740 1445 1792 praelium
1458 1739 1547 1780 ituri
1552 1749 1713 1792 ,optent

888 1793 1157 1836 reversionem.
1191 1800 1350 1837 Servius.

949 1866 1039 1907 292.
1076 1860 1178 1894 cana
1192 1854 1290 1905 fides
1303 1860 1355 1899 ἐφ’
1368 1851 1509 1907 Vest.2.]
1528 1850 1708 1898 subaudi,
1763 1902 1765 1904 Ι

891 1908 973 1949 erit.
1003 1915 1140 1951 Canam
1154 1922 1284 1951 autem
1292 1911 1403 1964 fidem
1416 1910 1592 1956 dixit‚vel
1605 1909 1707 1964 quod

891 1966 932 2005 in
946 1968 1051 2007 canis
1063 1967 1290 2009 hominibus
1306 1968 1519 2008 invenitur:
1532 1968 1591 2007 vel
1604 1966 1710 2021 quod

889 2023 1035 2070 ei>albo
1048 2037 1179 2079 panno
1191 2026 1367 2066 involuta
1381 2021 1709 2072 manu,sacrifica-

891 2079 1000 2120 batur
1013 2111 1024 2128 ,
1039 2095 1106 2135 per
1119 2083 1223 2138 quod
1234 2082 1446 2123 ostenditur
1459 2081 1578 2122 fidem
1593 2080 1711 2122 debe-

890 2151 929 2177 re
943 2136 1016 2178 esse
1027 2138 1224 2181 secretam.
1256 2139 1360 2181 unde
1372 2140 1558 2179 Horatius
1576 2168 1585 2182 ‚
1601 2145 1642 2179 Et
1655 2143 1712 2178 al-

888 2195 925 2233 bo
938 2197 1122 2246 rarafides
1130 2201 1255 2239 colitur
1266 2201 1459 2251 velataque
1469 2212 1595 2250 panna.
1632 2202 1709 2237 Ve-

888 2251 983 2292 stam
1015 2267 1106 2294 vero
1135 2256 1406 2309 Religionem:
1440 2254 1527 2309 quia
1555 2254 1707 2292 nullum
1731 2305 1736 2308 Ι

892 2307 1116 2364 sacrificium
1131 2311 1210 2352 fine
1222 2314 1313 2366 igne
1328 2310 1380 2350 est
1395 2340 1406 2357 ,
1435 2322 1477 2351 ut
1491 2307 1621 2362 &ipsa
1635 2339 1646 2358 ,
1666 2312 1707 2351 &

890 2371 1011 2422 Janus
1031 2369 1075 2407 in
1099 2370 1284 2410 omnibus
1305 2365 1495 2408 sacrificiis
1517 2368 1706 2409 invocan-

891 2436 965 2463 tur.
998 2425 1114 2464 Idem.

946 2487 1042 2521 Cana
1056 2481 1189 2532 fides]
1220 2479 1339 2534 Qvod
1352 2478 1438 2520 alba
1448 2480 1536 2520 lana
1549 2479 1708 2521 involu-

891 2536 940 2575 tis
955 2537 1135 2577 manib‘us
1149 2538 1355 2577 coleretur.
1385 2542 1482 2578 Sunt
1496 2539 1537 2578 &
1551 2537 1617 2592 qui
1631 2537 1706 2577 hoc

890 2593 994 2634 Fidei
1017 2595 1220 2647 epitheton
1235 2594 1404 2635 referant
1416 2594 1463 2634 ad
1478 2594 1708 2635 vetustatemv

892 2652 1029 2705 templi
1053 2650 1076 2692 Ξι
1101 2656 1229 2693 Numa
1254 2657 1392 2693 Roma:
1415 2653 1543 2706 primo
1557 2651 1709 2692 conditi

892 2710 932 2747 &
945 2706 1154 2749 consecrati
1168 2709 1269 2748 Fidei
1286 2723 1294 2747 :
1308 2709 1373 2764 qui
1383 2710 1481 2749 item
1493 2709 1706 2764 collegium

890 2764 1095 2807 Vestalium
1107 2768 1290 2813 instituis
1309 2778 1350 2807 ut
1363 2779 1444 2806 non
1458 2764 1526 2806 abs
1539 2779 1578 2807 re
1590 2770 1708 2820 poeta

892 2823 1026 2863 Fidem
1050 2838 1137 2865 cum
1162 2824 1269 2865 Vesta
1299 2823 1556 2873 conjunxerit.
1610 2824 1713 2866 vide

888 2881 1074 2921 Plutarch.
1091 2883 1132 2922 in
1148 2885 1285 2921 Numa.
1319 2888 1528 2922 Germanus.

947 2939 1090 2993 Vesta.]
1118 2940 1232 2979 Dista
1246 2937 1389 2979 vele*
1404 2936 1567 2984 νιςὲςίαςε
1592 2947 1634 2978 ut
1647 2936 1711 2977 di-

889 3006 1068 3048 gammos
1081 2995 1294 3046 fitadjesta.
1324 2994 1414 3035 ficut
1427 3011 1464 3036 er
1478 3011 1591 3044 ‚vem
1624 3011 1710 3035 ene-

892 3064 950 3091 tus
967 3080 978 3097 ‚
993 3060 1165 3093 Venetus.
1206 3054 1263 3093 vel
1278 3052 1381 3104 quod
1395 3053 1508 3093 variis
1519 3050 1651 3092 vestita
1662 3050 1710 3091 fit

891 3108 1019 3152 rebus.
1030 3108 1112 3167 Ipsa
1125 3111 1232 3152 enim
1246 3107 1318 3150 effe
1329 3108 1467 3151 dicitur
1477 3121 1712 3163 terra,quam

1255 3171 1276 3207 1-
1298 3181 1326 3220 4
1578 3167 1718 3221 ignem
