2037 3787
294 127 406 189 5¹4
789 108 856 166 P.
912 104 972 163 V
1013 117 1040 159 1
1086 119 1127 162 R

1171 118 1566 175 (ιι-ιιι,

420 208 551 281 Qo
566 203 802 266 Phoebus
814 220 972 263 vocet
985 207 1200 265 errantis
1216 243 1234 271 ‚
1266 206 1544 286 jubeatque
1563 206 1769 271 reverti.

420 291 569 346 Tum
586 289 794 369 genitor
810 324 829 352 ‚
859 302 1098 345 veterum
1114 290 1332 347 volvens
1352 307 1695 348 monumenta
1711 293 1978 359 virorunb‘

422 367 618 428 Audite
635 408 652 435 ‚
683 366 720 428 ὂ
741 389 981 449 proceres
997 406 1016 434 ‚
1048 369 1117 426 ait
1133 417 1148 437 ,

1188 377 1241 429 &
1262 369 1374 450 spes
1393 371 1571 432 discite
1593 372 1802 435 vestras·

427 451 591 509 Creta
603 452 750 531 Jovis
766 453 941 535 magni
956 451 1134 510 medio
1151 455 1288 530 jacet
1302 453 1388 513 'ms
1382 458 1459 514 ula
1477 473 1644 536 ponto
1658 484 1678 534 ἡ,
1751 465 1754 467 *

1818 539 1986 596 Mons

298 640 720 696 imperiiaeternitatexn
738 660 748 685 ι
768 644 860 686 finis
872 642 982 686 enim
994 643 1116 699 auspi·
1171 656 1220 686 eo
1244 645 1402 701 fingitur
1417 674 1432 696 ‚
1455 647 1541 702 quia
1556 650 1703 690 ‘Primos
1720 651 1894 702 Cretensei
1909 666 1989 689 con-

299 700 349 739 eii
375 701 419 763 in
441 700 776 743 demonstratione
801 701 1125 755 comprehensus,
1163 704 1417 758 statinvemffi
1429 707 1634 759 religionem.
1670 711 1767 746 Sane
1781 709 1858 745 nati
1876 707 1988 764 Jovis

300 754 408 796 dedit
419 758 638 811 petentibus
650 760 788 800 laetitIae
798 759 1014 815 optandam
1033 772 1117 815 gra·
1169 760 1300 802 fabula
1328 761 1402 801 haec
1424 761 1504 801 est:
1536 766 1714 803 Saturnus
1738 763 1936 816 postquam
1962 759 1986 804 Ξ

299 813 548 854 tulationem.
577 822 684 858 Serv.

364 871 490 922 CunHi
513 889 588 927 quae
604 875 681 925 sznt
701 889 744 913 ea
768 874 895 915 moem'a
917 874 1116 928 quartana]

302 926 390 968 rost
412 927 603 978 ejusmodi
623 927 845 984 responsum
860 957 877 979 ,
904 943 982 985 quo
991 929 1116 971 solum

300 984 575 1027 continebatur
597 988 790 1029 incertum
805 1015 817 1034 ,
848 998 890 1028 ut
910 986 1118 1036 constaret,

301 1054 383 1096 quae
406 1039 498 1084 effer
519 1045 586 1084 illa
607 1045 718 1099 regio
730 1073 746 1095 ,
770 1044 821 1085 ad
832 1055 948 1101 quam
959 1045 1121 1085 tendere

304 1098 492 1141 deberent
502 1129 516 1149 ,
537 1102 612 1142 laeti
623 1102 780 1157 quidem
790 1101 947 1143 fuerunt
959 1114 1115 1149 omnes,

302 1157 408 1211 qnod
418 1168 548 1211 optata
559 1156 826 1215 cognovissent
838 1187 851 1209 ,
883 1155 948 1199 sed
959 1157 1121 1200 univerfi

303 1213 521 1268 quaerebant
535 1229 682 1258 nomeu
693 1217 783 1257 loci.
819 1217 994 1271 Antiqua
1008 1215 1116 1258 enirn

305 1269 498 1321 memoria
509 1272 595 1322 fuit,
607 1287 721 1330 quam
732 1271 956 1327 posterioris
968 1274 1036 1314 aevi
1049 1272 1118 1313 ho-

307 1329 438 1369 mines
448 1330 705 1384 ignorabant:
737 1330 870 1388 Qam
893 1343 983 1371 cum
996 1342 1119 1372 nemo

307 1383 456 1434 nosset,
494 1385 709 1436 Anchises,
751 1388 819 1443 qui
840 1389 959 1442 longe
979 1389 1124 1427 caeteris

304 1440 465 1484 scientia
499 1446 541 1485 δε
563 1445 677 1485 annis
701 1443 920 1499 praestabat,
949 1447 1124 1486 revoluta

303 1492 517 1553 priscorum
540 1500 714 1549 familia,
743 1500 1025 1557 expolitionem
1061 1515 1123 1544 re-

301 1555 428 1611 sponsi
437 1558 613 1600 audacter
622 1560 675 1600 est
686 1557 884 1614 ingressus,
909 1565 1093 1604 Donatus.

312 1645 315 1647 ,
368 1626 458 1656 101.
488 1618 632 1671 Vocet]
655 1621 736 1659 Aut
745 1628 927 1665 revocet,
952 1617 1124 1658 author-

306 1680 422 1714 tetur.
453 1677 613 1714 Servius.

323 1758 327 1760 -
365 1742 456 1771 102.
479 1736 710 1772 Monumenta
722 1727 1129 1783 virorum.]1-1istorias.

369 1799 466 1840 103.
497 1795 580 1842 Spes
594 1788 719 1843 discite
730 1787 906 1843 vestrm]
930 1791 1014 1828 Aut
1025 1787 1126 1842 quasi

310 1840 425 1885 senex
434 1846 606 1900 loquitur
619 1860 630 1885 z
657 1857 724 1886 aut
733 1847 822 1901 quia
839 1845 900 1899 (ut
909 1842 1020 1898 supra
1030 1844 1128 1884 dixi-

311 1900 418 1956 mus)
440 1898 509 1942 scit
532 1899 570 1943 se
592 1900 666 1943 effi:
689 1903 936 1948 moriturum.
971 1900 1128 1957 ubique

307 1958 418 2004 enirn
429 1959 551 2000 sciens
557 1959 777 2002 fututorum
788 1959 995 2001 inducitur.
1022 1965 1125 2000 Serv.

370 2029 459 2068 104.
493 2018 637 2070 cmm]
671 2016 874 2058 Dardanus
896 2016 1008 2074 Jovis
1028 2014 1131 2058 filius

279 2107 281 2109 .
310 2070 355 2113 &
367 2073 526 2114 Elestrae
538 2103 552 2124 ‚
576 2071 771 2129 profestos
782 2073 831 2114 de
844 2073 1023 2127 Corytho
1034 2073 1129 2114 civi-

309 2138 393 2171 tate
401 2129 548 2172 Tustiae
561 2159 574 2178 ,
596 2131 743 2186 primus
754 2129 862 2172 venit
875 2129 925 2171 ad
935 2130 1100 2180 Troiam
1113 2144 1125 2170 t

309 2185 356 2227 δε
379 2187 463 2228 illic
485 2201 598 2241 parva
622 2188 783 2230 aedificia
793 2187 1013 2229 collocavit.
1041 2186 1130 2230 Post

307 2246 419 2293 cuius
427 2244 583 2286 obitum
595 2250 740 2286 Teucer
749 2245 858 2287 venit
868 2257 915 2286 ex
924 2248 1045 2286 Creta
1055 2272 1072 2294 ,
1087 2246 1129 2286 &

308 2300 465 2343 invenit
476 2302 648 2345 Dardani
664 2301 786 2344 socios
800 2330 814 2351 ,
843 2301 1062 2343 habitantes
1086 2303 1130 2343 in

311 2358 496 2409 vallibus,
508 2361 574 2415 qui
583 2360 785 2402 constituit
794 2372 899 2401 arces
912 2360 954 2400 &
965 2360 1130 2401 moenia.

310 2417 446 2459 Modo
468 2430 562 2472 ergo
579 2429 678 2459 errat
691 2414 878 2458 Anchises
890 2429 904 2456 ε
933 2429 1005 2457 nec
1015 2414 1132 2471 respi-

311 2472 421 2514 ciens
457 2474 668 2516 adventum
699 2474 904 2522 Dardani,
931 2474 1129 2516 oraculum

313 2533 475 2571 cretam
500 2530 709 2586 significare
730 2531 867 2574 credit.
907 2536 1133 2585 Argumen-

311 2597 417 2628 tatur
428 2601 473 2629 ex
486 2588 559 2636 his,
576 2602 655 2645 quae
667 2587 792 2630 solent
803 2589 853 2630 ab
864 2588 1023 2629 advenis
1031 2588 1131 2628 fieri.

316 2644 387 2685 Ida
402 2674 414 2693 ,
428 2646 556 2701 inquit
568 2675 581 2692 ,
607 2647 688 2686 illic
697 2646 773 2687 est:
803 2660 883 2702 quae
894 2646 939 2686 in
951 2647 1071 2695 Troia
1083 2645 1132 2685 ad

310 2699 610 2745 similitudinem
620 2703 726 2744 dista
743 2717 755 2743 ι
779 2714 838 2750 ut,
851 2701 1010 2759 Effigiem
1023 2708 1133 2744 Xan-

313 2760 371 2801 ehi
383 2765 590 2815 Trojamque
600 2761 749 2807 videtis,
759 2764 882 2814 Qam
895 2758 1136 2812 veslraefecere

298 2820 303 2825 ’
317 2833 459 2858 manus.
475 2821 578 2858 Item
591 2815 780 2858 sacrorum
791 2815 1133 2870 fimilitudozquam

311 2874 417 2927 apud
442 2877 609 2923 maiores
628 2873 735 2915 nefas
744 2885 827 2915 etat
839 2873 977 2928 perire.
1017 2873 1135 2914 Unde

320 2934 462 2974 &neas
483 2932 526 2972 in
549 2931 781 2973 duodecimo
793 2931 817 2982 ,'
847 2938 958 2972 Sacra
988 2930 1147 2986 deosque,

245 3026 248 3029 ,
312 2987 410 3028 daho
422 2992 531 3040 ‚sbcer
543 3005 642 3029 arma
656 2992 804 3029 Latinus
815 2988 948 3028 habeto.
979 2986 1103 3027 Idem.

372 3044 493 3098 Jovis
515 3047 672 3103 magni.]
698 3046 801 3102 Qiia
813 3045 894 3086 illic
906 3043 1042 3085 dicitur
1057 3057 1129 3084 nu-

302 3100 432 3144 ”tritus
442 3100 514 3145 effi:
526 3119 537 3145 ;
561 3103 667 3160 quod
681 3105 741 3161 (ut
755 3101 930 3146 salustius
941 3101 1053 3158 dicit)
1067 3100 1130 3144 id-

1172 818 1364 859 Themide
1386 819 1541 858 oraculo
1561 820 1752 872 comperit
1774 818 1797 860 ὲ
1825 821 1908 860 filio
1948 819 1988 860 se

1174 872 1279 929 posse
1301 889 1425 929 regno
1437 875 1579 929 depelli
1597 903 1610 922 ,
1654 887 1767 916 natos
1803 890 1846 916 ex
1878 876 1986 917 Rhea

1174 946 1290 974 uxore
1300 932 1404 972 filios
1416 932 1627 973 devorabat
1640 960 1654 981 ‚
1677 946 1755 987 quae
1769 946 1901 973 natum
1918 939 1989 991 Jo-

1173 1002 1277 1037 vem,
1287 990 1570 1043 pulchritudine
1581 989 1786 1039 delestata,
1802 992 1990 1045 Nymphis

1172 1046 1462 1087 commendavit
1477 1048 1520 1086 in
1532 1058 1674 1086 ‘monte
1690 1053 1814 1087 Creta:
1830 1050 1991 1088 Distaeo:

1174 1102 1342 1145 ubieurn
1354 1105 1529 1144 aluerunt
1539 1117 1640 1156 apes.
1673 1107 1747 1143 Pro
1770 1117 1847 1158 quo
1874 1105 1991 1145 invo-

1171 1161 1297 1202 lutum
1305 1160 1478 1215 lapidem
1490 1160 1732 1215 glutiendum
1748 1165 1906 1200 Saturno
1919 1161 1991 1201 de-

1169 1216 1362 1273 dit,quem
1374 1231 1462 1258 cum
1475 1217 1806 1265 Saturnus,fraude
1815 1219 1994 1271 cognita,

1174 1275 1438 1316 vehementius
1450 1287 1645 1330 quaereret.
1666 1280 1714 1314 Et
1726 1274 1890 1314 adhibiti
1903 1272 1991 1315 sunt

1171 1335 1334 1373 curetes
1351 1335 1391 1373 &
1403 1331 1651 1386 Corybantes
1663 1361 1676 1379 ,
1701 1332 1764 1387 qui
1777 1333 1924 1372 tinnitu
1940 1345 1992 1371 ae-

1174 1389 1227 1429 ris
1241 1418 1257 1438 ,
1283 1391 1321 1429 id
1335 1391 1387 1429 est
1405 1418 1417 1437 ,
1429 1387 1530 1430 lusus
1540 1389 1757 1442 excogitato
1767 1402 1909 1443 genere
1920 1416 1934 1436 ‚
1948 1399 1993 1429 ut

1172 1459 1261 1488 cum
1286 1447 1419 1500 clipeis
1441 1447 1546 1486 aereis
1567 1448 1670 1486 inter
1695 1444 1731 1485 se
1744 1456 1936 1485 currerent
1949 1448 1991 1487 δε

1173 1503 1424 1556 prohiberent
1436 1503 1561 1543 audiri
1572 1504 1679 1556 pueri
1691 1504 1860 1556 vagitum
1878 1531 1892 1551 ‚
1918 1517 1992 1543 un-

1176 1560 1225 1601 de
1248 1560 1315 1614 ipfi
1329 1559 1415 1602 sunt
1431 1560 1567 1601 matris
1578 1560 1694 1602 defun
1707 1559 1901 1600 ministri:
1926 1557 1992 1600 sed

1178 1619 1361 1659 nonnulli
1384 1616 1540 1658 eosdem
1566 1626 1712 1659 Curetes
1729 1619 1769 1656 &
1785 1618 1995 1672 Corybantes

1176 1675 1324 1716 dicunt.
1366 1680 1424 1717 Ut
1434 1687 1564 1716 autem
1575 1674 1741 1729 fingatur
1753 1679 1931 1714 Saturnus
1943 1672 1995 1714 fi-

1175 1733 1251 1773 lios
1275 1729 1360 1773 suos
1375 1730 1541 1773 comesse
1554 1759 1568 1778 ,
1595 1733 1695 1771 ratio
1710 1731 1785 1770 haec
1797 1730 1876 1770 est:
1906 1731 1994 1784 quia

1179 1789 1319 1831 dicitur
1341 1789 1433 1830 deus
1455 1786 1530 1829 esse
1554 1789 1779 1828 aetemitatis
1797 1789 1836 1828 &
1849 1785 1995 1827 seculo·

1179 1860 1284 1888 rum.
1327 1847 1455 1887 Secula
1480 1857 1610 1887 autem
1635 1859 1760 1886 annos
1775 1843 1867 1886 exse
1882 1856 1996 1884 natos

1179 1904 1223 1945 in
1247 1902 1284 1944 se
1305 1905 1520 1945 revolvunt.
1567 1902 1669 1944 unde
1697 1906 1825 1943 Graece
1850 1900 1995 1952 xsso'v&

1180 1960 1282 2017 quafi
1295 1963 1429 2016 χςένος,
1441 1961 1483 2002 id
1491 1960 1700 2016 est,tempus
1710 1959 1849 2000 dicitur
1879 1959 1994 1999 Idem.

1242 2025 1351 2060 Creta
1361 2019 1511 2076 Jovis]
1556 2022 1695 2076 Jovem
1720 2017 1762 2056 in
1788 2020 1905 2056 Creta
1930 2028 1999 2055 na-

1181 2086 1268 2116 tum
1280 2105 1293 2124 ,
1307 2088 1451 2116 certum
1464 2074 1518 2115 est
1531 2103 1544 2121 ,
1569 2074 1659 2115 ideo
1673 2077 1790 2114 Creta
1802 2073 1904 2113 dista
1916 2074 2000 2121 eius
2020 2102 2022 2104 v

1180 2130 1320 2183 insula,
1334 2135 1374 2174 &
1385 2130 1462 2186 ipse
1475 2135 1646 2181 Creticus.
1678 2131 1852 2170 Minutio
1864 2129 2000 2170 Feliciz

1185 2197 1293 2232 Mars
1315 2191 1516 2237 Thracius,
1545 2193 1603 2230 vel
1618 2190 1794 2244 Juppiter
1820 2189 1998 2235 Geticus,

1181 2249 1239 2287 vel
1251 2247 1355 2304 Juno
1369 2252 1539 2304 ,Argiva-1
1565 2242 1589 2286 ”a
1615 2246 1809 2286 Cicerone
1833 2243 1879 2284 de
1907 2247 1998 2284 Nat.

1185 2308 1304 2344 Deor.
1331 2304 1504 2357 cretensis
1516 2332 1529 2351 ,
1563 2314 1604 2344 ut
1615 2301 1668 2342 est
1680 2303 1799 2342 eriam
1811 2301 1909 2353 apud
1921 2305 2001 2340 La·-

1183 2360 1372 2402 stantium
1384 2361 1453 2401 lib.
1471 2373 1505 2400 ῐ.
1518 2372 1601 2413 cap.
1618 2373 1678 2400 11.
1701 2359 1770 2398 Sed
1785 2357 2003 2407 sciendum,

1181 2431 1265 2458 rem
1295 2418 1621 2464 hancincertam‚
1646 2413 2004 2469 urpleraquefabu-

1180 2476 1318 2516 larum.
1348 2480 1449 2516 Nam
1466 2474 1687 2516 Demetrius
1703 2471 1882 2526 Scepsius,
1896 2483 1936 2513 ut
1948 2469 2004 2512 est

1181 2532 1282 2585 apud
1309 2532 1556 2573 SchoIIastem
1573 2530 1775 2584 Apollonii
1787 2529 1856 2569 lib.
1872 2542 1908 2582 3.
1924 2540 2003 2569 rra-

1177 2589 1243 2628 1dit
1255 2618 1268 2636 ‚
1298 2588 1468 2645 Phrygas
1480 2595 1621 2647 Jovem
1634 2587 1732 2641 apud
1745 2584 1781 2626 se
1795 2596 1929 2626 natum
1959 2587 2001 2627 &

1183 2645 1385 2688 educatum
1397 2645 1633 2686 contendere
1645 2657 1732 2684 cum
1755 2641 2005 2683 Cretensibus
2019 2665 2022 2670 ·

1185 2704 1228 2743 &
1254 2704 1478 2744 Arcadibus.
1519 2716 1565 2742 ex
1591 2713 1663 2755 qua
1692 2699 1821 2740 fabula
1848 2700 2004 2740 Delrius

1183 2760 1227 2799 in
1255 2761 1399 2800 Troad.
1427 2766 1513 2800 sen.
1542 2760 1670 2800 lucem
1706 2758 1771 2798 dat
1800 2759 2004 2811 Propertio

1183 2815 1257 2857 lib.
1277 2830 1314 2869 3.
1332 2819 1429 2871 eleg.
1452 2831 1487 2858 1.

1210 2873 1345 2914 ldaeum
1357 2878 1550 2919 Simoenta,
1567 2872 1682 2929 Jovis
1694 2872 1863 2912 cunabula
1874 2871 2000 2924 parvi.

1185 2935 1288 2984 Lege
1300 2929 1527 2972 Pausaniam
1539 2930 1582 2969 in
1597 2929 1797 2969 Arcadicis
1809 2957 1822 2976 ,
1852 2929 1892 2967 ὃς
1907 2926 2007 2968 Mes-

1183 2985 1319 3027 fenicis
1331 3017 1344 3034 ,
1374 2987 1472 3041 apud
1501 2999 1614 3041 quem
1640 2997 1798 3041 utraque
1825 2984 1899 3024 haec
1911 2996 2006 3038 gens

1179 3043 1245 3085 fibi
1261 3045 1430 3085 vindicat
1444 3044 1588 3085 natales
1601 3042 1724 3100 Jovis.
1753 3042 1880 3082 cerda.

1240 3103 1364 3145 Medio
1367 3102 1514 3160 ponta]
1529 3099 1655 3144 Potest
1667 3098 1823 3158 quidem
1835 3095 2005 3195 instelligi

1884 3166 1998 3195 ecun-
