2037 3787
18 618 97 660 hoc
107 620 174 667 est,
201 625 395 675 Corytum
418 620 590 661 'rhusciae
622 621 836 668 civitatem,

19 675 124 717 unde
137 677 338 718 Dardanus
347 677 438 718 fuit.
464 677 560 718 alibi
571 678 619 718 dc
632 677 709 730 ipsa
725 678 835 717 Italia

12 736 168 783 -AEneas
178 762 190 780 ,
215 739 288 774 Hic
298 734 417 775 domus
432 761 444 781 ,
468 735 671 790 baecpatria
685 735 742 788 est.
777 735 835 775 vel

16 787 66 830 fic
91 789 335 845 distinguitur
351 820 363 838 ,
394 792 544 833 Italiam
556 807 668 847 quaero
676 794 834 846 patriam

19 852 72 891 (θ’
82 862 189 903 genus
201 849 247 889 ab
260 851 508 900 loveshmmo3
535 860 575 890 ut
590 849 686 889 mihi
700 847 743 888 fit
756 853 834 888 Ita-

34 903 68 943 'a
91 905 236 957 patria,
268 906 381 962 Jovis
403 919 525 961 genus
548 905 666 947 efficit
679 916 833 960 propter

16 960 246 1003 Dardanum
257 989 269 1007 ,
285 963 323 1002 id
337 962 391 1004 est
405 992 416 1009 ,
425 979 533 1018 genus
545 965 592 1005 ab
604 971 687 1004 love
700 980 713 1002 .·
737 961 832 1002 Ideo

13 1018 107 1073 quia,
135 1031 179 1058 ex
193 1019 355 1060 Eleatici
381 1022 420 1060 ὃ(
436 1024 535 1077 Jove
549 1020 752 1061 Dardanus
765 1023 831 1076 Ja-

14 1072 160 1130 fiusque
185 1076 269 1115 nati
280 1074 380 1117 sunt.
413 1076 613 1118 Dardanus
624 1087 753 1116 autem
765 1088 830 1115 au—

13 1131 103 1173 stor
125 1131 180 1171 est
205 1134 345 1182 Trojae.
378 1137 484 1173 Bene
505 1134 552 1173 ad
574 1134 828 1174 triainterro-

36 1200 100 1229 ata
111 1187 317 1242 respondet
328 1202 343 1236 3
370 1187 562 1244 quiesset,
590 1190 691 1232 unde
706 1187 825 1231 venis-

11 1243 67 1286 set
77 1273 91 1293 ,
106 1258 184 1300 quo
196 1247 382 1287 tenderet.
412 1250 568 1287 Servius.

67 1305 216 1343 ltaliam
239 1319 350 1357 quaero
368 1305 525 1360 psztn'am
537 1330 552 1352 ,
577 1308 630 1348 Ψ
649 1318 760 1358 genus
783 1303 827 1343 ab

11 1358 118 1415 Jove
123 1361 295 1412 stamma]
322 1360 394 1399 Hic
415 1360 731 1413 distinguendum
753 1359 823 1407 est,

10 1416 140 1471 inquit
163 1417 323 1457 Servius.
354 1418 447 1456 Tria
471 1418 580 1457 enim
609 1418 740 1473 quaerit
757 1422 824 1462 Ε,-

10 1485 132 1520 neas3
163 1473 403 1526 provinciam
417 1503 428 1520 ,
460 1474 500 1514 id
523 1473 577 1513 est
593 1503 605 1522 ,
640 1475 792 1514 italiam
811 1494 821 1523 ς

10 1530 175 1584 patriam
190 1558 202 1577 ,
228 1530 269 1569 id
280 1529 334 1569 est
345 1559 361 1579 ,
378 1536 569 1585 Cotytum
581 1530 749 1571 Thusciae
760 1532 822 1571 ci-

10 1587 172 1627 vitatem
184 1617 196 1635 ‚
224 1587 326 1627 unde
350 1589 550 1628 Dardanus
559 1587 658 1628 fuit:
685 1602 821 1643 genus,

39 1658 45 1671 ·
63 1644 100 1683 ia
120 1643 173 1684 ‘ex
200 1645 348 1684 Elestra
371 1647 411 1685 &
440 1650 540 1702 Jove
556 1645 756 1685 Dardanus
770 1645 822 1685 est

10 1701 212 1755 narus‚qui
224 1702 357 1743 austor
368 1704 509 1752 Trojae.
527 1707 633 1742 Bene
645 1703 762 1755 igitur
775 1703 822 1742 ad

9 1758 82 1798 tria
106 1758 345 1811 interrogata
364 1757 582 1813 respondet.
615 1760 695 1815 Qi
717 1757 822 1807 effer,

9 1814 115 1855 unde
139 1816 287 1855 veniret
301 1845 316 1865 ,
338 1830 416 1870 quo
440 1815 628 1857 tenderet.
656 1822 725 1857 =1ta
738 1819 822 1872 qui—

34 1885 99 1912 em
114 1873 154 1913 &
168 1871 317 1911 Fabric.
329 1873 543 1928 distinguit:
556 1871 617 1914 sed
630 1874 823 1928 duplicem

8 1926 485 1984 agnostitappofitionem.
513 1935 678 1971 Patriam
692 1934 735 1972 ab
748 1934 825 1988 Jo-

8 2002 55 2028 ve
70 2013 86 2034 ‚
111 1997 266 2039 propter
290 1989 483 2028 oraculum
501 2003 512 2028 ι
527 2004 637 2044 genus
649 1989 694 2029 ab
705 1990 828 2046 Jove,¹

37 2054 167 2096 ropter
181 2043 416 2085 Dardanum.
433 2046 487 2085 ita
503 2058 537 2097 3.
556 2050 644 2085 AEn.

68 2119 146 2131 —-·
171 2100 223 2139 da
232 2103 467 2152 moeniafi’ss’e'o·
480 2107 524 2142 Et
534 2119 655 2158 genus.

11 2159 120 2197 Con.
133 2160 275 2201 Fanen.
309 2156 455 2199 versum
470 2158 570 2199 hunc
583 2160 636 2199 ita
646 2158 766 2213 legit:

38 2215 188 2256 ltaliam
199 2228 326 2268 quaero:
333 2220 494 2269 patriam
507 2222 558 2262 (φ
564 2234 678 2273 genus
689 2219 732 2258 ab
746 2216 823 2273 Jo-

141 2273 291 2322 vefiemo
303 2288 315 2309 .·

12 2336 55 2366 ut
70 2323 194 2365 sensus
208 2327 293 2366 talis
304 2325 372 2366 fit:
403 2328 542 2382 Qiaero
559 2330 712 2369 Italiam
736 2343 822 2382 3pa-

10 2383 124 2423 triam
140 2384 180 2422 &
191 2397 311 2436 genus
321 2382 369 2422 ab
384 2389 482 2441 Jove
495 2385 619 2433 fumo,
634 2386 675 2426 id
688 2385 821 2431 est‚ac-

10 2441 112 2493 cipio
125 2467 137 2486 ,
163 2439 285 2479 traho.
316 2439 385 2480 hoc
400 2441 454 2481 est
474 2469 488 2489 ‚
502 2443 612 2498 Jovis
624 2455 820 2482 conterra-

11 2509 109 2537 neus
135 2497 175 2536 &
200 2495 505 2552 consanguineus
529 2495 625 2539 sum.
666 2510 706 2539 ut
722 2508 824 2552 sumo

11 2566 96 2594 non
108 2552 274 2593 im‘ewov
287 2553 330 2592 fit
343 2583 354 2601 ,
382 2553 444 2594 sed
457 2554 631 2595 verbum.
665 2560 746 2596 Cur
759 2570 825 2597 au-

13 2622 96 2651 tern
110 2613 225 2651 Poeta
241 2623 343 2651 nunc
356 2612 558 2666 Phrygiam
574 2641 585 2659 ‚
612 2626 714 2652 nunc
727 2618 823 2653 Cre-

11 2679 91 2708 tam
106 2669 195 2724 Jovi
208 2669 372 2720 patriam
385 2667 551 2724 adsignet
563 2697 574 2716 ,
589 2668 739 2710 ibidem
754 2670 825 2711 do-

10 2737 132 2766 cetur.
165 2726 310 2765 Taubm.

75 2783 219 2821 ltaliam
243 2781 394 2836 quarm]
408 2782 470 2822 Ad
483 2780 539 2828 id,
554 2790 682 2838 „anve
699 2785 824 2824 tenetis

11 2841 111 2882 iter?
140 2839 180 2877 δε
206 2849 408 2878 ornaturus
431 2851 553 2893 genus
563 2840 671 2879 addit
684 2868 695 2887 ,
722 2840 825 2895 quod

16 2908 100 2935 non
114 2893 308 2947 quaesitum
322 2894 458 2936 fuerat.
489 2901 668 2936 Donatus.

17 2999 207 3060 Libenter
231 3010 382 3048 auditur
407 3036 422 3057 ‚
451 3010 558 3065 quod
581 3012 721 3064 gratias
743 3023 829 3066 agat

10 3066 136 3105 imatri
153 3093 164 3111 ,
183 3064 281 3119 quafi
295 3062 458 3105 absenti.
488 3067 598 3107 Idem.

75 3123 256 3174 Summa]
288 3127 337 3164 In
351 3127 536 3166 Romano
546 3123 694 3173 codice,
711 3126 755 3168 ab
766 3125 843 3183 Jo-

456 143 719 202 AENEJ
753 162 794 200 D
828 159 865 198 0
901 158 925 198 s
1010 110 1182 202 LtBI
1224 145 1270 202 1.

145 245 235 306 Bis
251 245 397 305 denis
412 243 695 325 Phrygium
713 238 994 302 conscendi
1007 239 1222 300 navibus
1240 260 1417 322 aequor
1439 265 1456 312 3

153 333 330 388 Matre
344 329 439 388 dea
456 325 781 389 monstrante
797 325 930 384 viam
947 363 966 391 ‚
982 324 1100 384 data
1109 322 1210 382 fata
1223 322 1421 384 secutus
1439 347 1454 382 ε

1604 147 1709 221 165

1581 402 1692 465 Vix

21 503 298 548 adver-itatem.
329 506 421 547 Tria
434 516 528 560 ergo
538 495 658 554 dicit,
673 505 837 546 Provin-
885 517 932 542 ve
957 519 1077 560 magno
1102 503 1256 557 legitur.
1284 507 1490 557 Utrunque
1500 498 1707 554 epitheton

19 563 122 603 ciam
134 577 276 618 quatro,
291 564 363 604 hoc
375 563 444 609 est,
459 565 637 603 Italiam:
658 564 839 617 patriam,
887 560 999 616 Jovis
1021 560 1075 600 est
1090 587 1103 607 ,
1125 560 1200 602 five
1226 562 1441 616 Olympus,
1467 556 1539 598 five
1565 555 1702 598 AEther

884 629 956 668 pro
970 621 1069 673 Jove
1083 618 1332 672 intelligatur.
1367 619 1520 657 Pierius.

943 677 1037 726 381.
1067 678 1127 714 Bis
1150 675 1292 726 dena]
1317 672 1500 713 Ostendit
1513 682 1701 725 magnum

887 741 1107 769 numerum.
1122 725 1130 729 “
1141 737 1235 772 Sunt
1247 729 1424 779 autem‚s1
1435 730 1604 770 dolentis
1616 728 1707 767 ani-

886 798 996 826 mum
1007 799 1181 828 excutere
1202 792 1378 829 volumus
1390 816 1402 834 ‚
1416 785 1619 842 separatim
1630 783 1706 824 fin·

882 844 968 896 gula
981 843 1198 896 cogitanda.
1231 851 1408 885 Donatus.

941 901 1144 956 ‘Phtjygium
1157 904 1307 958 aequm]
1333 901 1380 943 Id
1392 899 1458 947 est,
1472 896 1704 955 Hellespon-

882 965 979 1001 tum.
1019 962 1181 999 Servius.
1450 990 1451 993 =

950 1015 1173 1067 Conscendi]
1186 1019 1291 1055 Bene
1302 1014 1478 1068 conftendi
1491 1011 1699 1055 secundum

879 1069 1050 1122 physicos
1062 1100 1074 1119 ,
1089 1072 1154 1128 qui
1166 1071 1302 1112 dicunt
1312 1082 1454 1111 tertam
1467 1071 1700 1113 inferiorem

877 1125 950 1167 effe
963 1140 1076 1183 aqua,
1089 1130 1177 1184 quia
1189 1142 1326 1176 omne,
1341 1128 1445 1184 quod
1457 1129 1700 1177 continetur,

874 1180 984 1239 supra
997 1187 1089 1226 illud
1102 1186 1155 1226 est
1169 1216 1181 1234 ‚
1196 1186 1301 1241 quod
1311 1186 1503 1226 continet.
1535 1189 1697 1225 Servius.

892 1246 906 1251 ’χ
933 1244 1162 1296 Conscendi.]
1190 1245 1346 1297 Proprie
1361 1243 1630 1297 navigantium
1643 1242 1697 1282 est

872 1301 1215 1357 conscendemquod
1231 1305 1358 1341 Graece
1369 1298 1455 1340 {71⁷5
1458 1298 1497 1339 ια’
1503 1315 1584 1345 vav,
1599 1309 1641 1339 ut
1652 1312 1698 1340 ex

874 1357 1069 1398 Cicerone
1089 1357 1281 1413 liquidum
1302 1357 1395 1399 facit
1423 1357 1540 1398 Hadr.
1570 1355 1688 1397 Card.

872 1412 920 1452 de
947 1418 1069 1455 Serm-
1094 1419 1180 1456 Lat.
1208 1414 1335 1455 noster
1368 1416 1508 1470 claffim
1533 1417 1692 1466 conscen-

869 1470 954 1510 dere
983 1475 1006 1512 ἰ.
1043 1486 1106 1513 10.
1156 1472 1276 1513 utitur
1315 1473 1400 1513 Cic.
1427 1469 1694 1525 praepofitione

867 1526 894 1565 l.
918 1541 978 1579 14.
993 1528 1040 1569 ad
1052 1528 1176 1569 famil.
1191 1528 1298 1583 epist.
1316 1542 1355 1581 7.
1382 1545 1506 1569 navem
1524 1530 1622 1583 spero
1632 1544 1694 1568 nos

870 1585 977 1625 valde
987 1587 1110 1626 bonam
1132 1589 1260 1627 habere
1274 1616 1288 1635 ,
1315 1590 1354 1627 in
1376 1601 1454 1626 eam
1471 1586 1691 1640 simulatque

867 1642 1059 1694 confitendi.
1090 1640 1279 1684 Absolute
1305 1643 1414 1683 idem
1445 1644 1473 1682 l.
1500 1657 1534 1683 z.
1560 1641 1609 1681 ad
1634 1641 1691 1693 Q

871 1701 1199 1754 Fratr.ep.6.Ptfis
1212 1696 1691 1755 confienderetAEmmenes.

932 1758 1020 1809 3822
1057 1762 1184 1798 Matre
1208 1764 1287 1798 Dea
1311 1757 1518 1813 monstrante
1553 1757 1690 1810 viam]

875 1813 959 1852 Hoc
980 1815 1070 1855 loco
1093 1827 1161 1868 per
1185 1814 1383 1856 transitum
1408 1815 1535 1867 tangit
1569 1812 1692 1855 histo·

876 1869 973 1910 riam
988 1901 1001 1920 ,
1036 1885 1151 1926 quarn
1164 1886 1228 1926 per
1238 1875 1364 1926 legem
1376 1873 1471 1912 attis
1480 1872 1636 1924 poeticae
1647 1883 1689 1910 a·

875 1939 982 1978 perte
1007 1941 1091 1969 non
1115 1929 1239 1984 potest
1252 1943 1408 1983 ponere.
1453 1931 1553 1969 Nam
1567 1933 1689 1970 Varro

876 1985 918 2023 in
932 1982 1099 2028 fecundo
1110 2001 1239 2028 rerum
1250 1987 1469 2028 divinarum
1481 1985 1576 2025 dicit
1587 2014 1600 2032 ,
1631 1991 1689 2026 Ex

874 2058 938 2096 quo
949 2043 994 2084 de
1008 2049 1110 2098 Trojae
1120 2045 1172 2084 eff
1183 2045 1327 2100 egreffus
1354 2051 1481 2086 AEneas
1495 2071 1507 2090 ,
1533 2044 1689 2084 Veneris

873 2114 951 2139 eum
958 2101 1131 2156 per—diem
1142 2102 1297 2156 quotidie
1300 2101 1441 2156 stellam
1451 2101 1583 2156 vidrffi·
1597 2128 1610 2148 ,
1624 2100 1689 2140 do-

874 2172 935 2196 nec
957 2157 1009 2197 ad
1022 2171 1148 2214 agrum
1160 2166 1369 2200 Laurentum
1382 2162 1519 2198 veniret
1532 2186 1545 2205 ,
1573 2159 1610 2196 in
1623 2174 1688 2212 quo

873 2229 951 2254 eam
975 2232 1041 2254 non
1063 2216 1165 2256 vidie
1189 2219 1333 2256 ulterius
1348 2233 1360 2254 :
1390 2231 1460 2270 qua
1483 2219 1686 2270 recognovit

871 2283 988 2311 terrm
1012 2274 1080 2325 eff&
1090 2276 1240 2324 fatales.
1274 2272 1394 2313 Unde
1407 2271 1588 2326 Virgilius
1611 2271 1685 2310 hoc

872 2329 963 2368 loco
977 2357 992 2378 ‚
1015 2335 1140 2369 Matre
1165 2330 1232 2369 dea
1244 2329 1451 2382 monstrante
1463 2333 1574 2368 viam.
1619 2332 1684 2374 Er,

864 2388 973 2439 >Eripe·
985 2398 1067 2426 nate
1067 2387 1221 2442 ficgamss
1252 2390 1317 2432 Et,
1326 2389 1512 2440 Nusquam
1523 2388 1619 2424 abero
1632 2392 1685 2430 &⁴

869 2452 988 2480 tutum
996 2446 1113 2495 patrio
1123 2455 1158 2482 te
1168 2445 1289 2482 limine
1299 2442 1416 2496 fistam
1432 2460 1444 2481 .·
1460 2446 1521 2488 Et,
1536 2444 1688 2493 Descen-

870 2496 914 2536 do
925 2513 964 2536 ac
975 2498 1123 2538 ducente
1135 2499 1198 2539 deo
1212 2513 1220 2537 :
1241 2498 1304 2546 Et.
1318 2499 1685 2555 Jamquejugisfitm-

871 2569 934 2593 mae
941 2557 1112 2610 surgebat
1133 2558 1258 2604 lucifer
1283 2556 1374 2596 Idae.
1406 2568 1520 2609 quam
1536 2555 1684 2596 stellam

868 2612 1028 2654 Veneris
1041 2609 1129 2659 effe>
1155 2610 1233 2665 ipse
1258 2613 1438 2667 Virgilius
1461 2614 1626 2652 latenter
1639 2626 1686 2652 o-

873 2667 1029 2708 stendit:
1054 2672 1186 2726 Qalis
1211 2671 1268 2710 ubi
1279 2672 1573 2723 Oceamperfufiu
1585 2673 1686 2710 luci·-

860 2729 923 2777 fer
935 2727 1046 2774 unda,
1067 2733 1184 2784 Qem
1197 2728 1314 2766 Vvhus
1327 2740 1410 2766 ante
1421 2731 1507 2767 alios
1518 2726 1686 2781 astrorum

872 2783 991 2839 diligit
1003 2787 1114 2840 ignes.
1146 2783 1266 2838 Qod
1278 2796 1405 2823 autem
1419 2783 1582 2824 diximus
1594 2797 1686 2824 eum

871 2842 1020 2891 po'e‘tica
1033 2852 1114 2881 arte
1125 2839 1321 2893 prohiberi
1338 2870 1349 2887 ‚
1366 2854 1414 2881 ne
1425 2852 1554 2892 aperte
1569 2853 1689 2893 ponat

873 2896 1070 2938 historiam
1086 2927 1097 2945 ,
1121 2911 1267 2938 cerrum
1291 2897 1359 2937 est.
1388 2902 1560 2938 Lucanus
1574 2911 1684 2938 nam-

74 2957 119 2990 Et
131 2967 236 3000 genus
246 2953 269 2990 a*
283 2953 380 3007 Jove
382 2954 516 3004 fhmmo
532 2960 710 2997 &Matre
723 2954 827 3007 dem]
874 2968 946 3010 que
966 2955 1055 2995 ideo
1068 2957 1108 2994 in
1123 2968 1284 2994 numero
1298 2957 1501 3008 poetarum
1514 2953 1586 2994 esse
1601 2969 1686 2996 non

876 3013 1038 3058 meruit,
1053 3013 1141 3068 quia
1152 3011 1300 3052 videtur
1314 3011 1512 3052 historiam
1522 3025 1687 3066 compo-

876 3066 998 3116 suisse,
1016 3083 1099 3109 non
1112 3073 1265 3122 poema.
1292 3073 1452 3110 Servius.

931 3132 1056 3168 Matre
1081 3134 1165 3169 Dea
1188 3124 1398 3180 monstrante
1409 3125 1545 3180 viam]
1570 3131 1694 3167 Varro

1262 3187 1295 3225 L
1323 3196 1343 3239 3
1584 3181 1702 3224 liba.
