2037 3787
463 143 933 201 AENEIDOS
1021 140 1186 199 L113.
1230 141 1277 198 Ι.

151 240 419 302 Extulerat
435 275 453 302 ‚
486 237 664 292 matris
685 234 844 293 Ledae
863 233 1097 294 mirabile
1111 235 1329 296 donum.

157 331 413 384 Praeterea
425 317 681 397 sceptrum
700 357 717 385 ‚
747 320 915 376 Ilione
933 319 1075 397 quod
1093 316 1306 401 gesserat
1324 316 1453 377 olim
1474 358 1492 386 ‚

1535 403 1600 460 M
1602 403 1708 460 axi-

33 510 116 551 ride
126 511 340 556 Helenam,
353 507 419 550 scd
432 522 522 556 cum,
533 519 616 549 non
629 507 664 548 ei
678 505 839 548 consen·
890 510 929 549 ὅ(
943 508 1241 563 locupletiffima
1255 539 1267 557 ,
1300 512 1340 551 &
1365 511 1440 551 iret
1462 512 1510 552 ad
1528 516 1711 565 Troiam,

30 569 120 608 tiret
132 596 144 615 ,
158 579 212 614 ut,
223 567 379 607 ablente
390 579 439 606 eo
452 579 627 618 tempore
641 567 840 612 Menelao,
890 567 970 611 has,
988 579 1027 606 ut
1040 570 1242 620 praecipuas
1253 595 1268 616 ‚
1293 567 1418 609 secum
1430 568 1584 610 abstulit
1599 600 1611 619 ,
1627 584 1709 613 non

1608 160 1708 222 253

27 622 164 677 sponte
173 637 262 665 eum
274 621 487 679 sequeretur
499 624 546 662 ad
558 624 719 672 Troiam
735 650 746 665 .
774 636 838 662 ex-

27 693 194 735 pugnata
208 682 361 721 civitate
374 709 388 730 ,
403 682 440 721 vi
455 679 476 720 a
492 679 623 720 Paride
635 677 836 720 sublatam:

28 737 145 777 Unde
153 737 296 779 fastum
309 737 364 778 est
379 767 391 786 ,
406 748 447 777 ut
461 739 567 777 Paris
581 765 594 783 ‚
609 739 834 782 tin1ore,ne‚

27 794 92 848 qui
106 807 193 834 eum
207 793 450 850 sequerentur
463 824 474 842 ,
502 808 584 834 non
597 795 703 834 ret'to
717 794 836 833 itine-

28 862 72 891 re
85 864 303 905 properaret
316 851 364 891 ad
378 854 542 905 patriam
558 879 571 898 ‚
594 849 656 891 sed
670 850 834 890 diverte-

27 919 87 948 tet
99 908 146 948 ad
160 914 382 964 AEgyptum,
399 911 439 949 &
453 909 500 949 ad
514 921 643 962 regem
659 910 836 947 Proteum

23 966 203 1011 ‚veniret3
240 967 304 1021 qui
330 979 417 1006 cum
442 963 534 1006 esset
556 963 769 1010 sacrificus,
794 965 834 1003 δε

24 1020 238 1076 agnovisset
263 1025 432 1063 alienam
457 1035 614 1064 uxorem
629 1049 639 1067 ,
666 1018 688 1060 a
703 1019 836 1062 Paride

26 1090 178 1132 raptam
193 1108 204 1126 ,
231 1080 317 1120 duci
341 1093 428 1120 eam
454 1080 590 1119 dicitur
604 1076 833 1123 subtraxisse,

28 1137 70 1175 &
84 1136 214 1176 nescio
226 1137 362 1192 quibus
374 1135 580 1190 disciplinis
592 1132 835 1188 phantasma,

24 1191 69 1231 in
105 1192 395 1235 fimilitudinem
420 1195 573 1234 Helenae
596 1191 832 1237 formatum,

26 1251 155 1290 Paridi
178 1249 339 1297 dedisse,
369 1251 474 1306 quod
494 1251 537 1290 in
562 1265 596 1293 2.
612 1248 759 1302 plenius
772 1249 835 1288 in-

28 1309 174 1348 venies.
203 1313 361 1348 Servius.

101 1366 374 1420 Inconceſjbfiyue
404 1363 647 1415 Hymenaeon]
678 1365 726 1401 Et
749 1360 831 1402 fato

26 1419 68 1458 &
91 1420 252 1475 legibus.
284 1424 511 1474 Hymenaeus
533 1431 663 1460 autem
678 1447 690 1466 ,
717 1431 759 1459 ut
769 1420 837 1459 alii

24 1475 160 1517 dicunt
175 1505 187 1522 ‚
209 1477 302 1518 deus
323 1477 376 1517 est
401 1479 636 1531 nuptiarum.
667 1481 724 1517 ut
750 1477 833 1523 alii,

25 1534 183 1587 quidam
197 1534 345 1584 juvenis
355 1533 448 1584 fuit,
460 1535 526 1589 qui
538 1534 600 1573 die
615 1534 832 1585 nuptiarum

20 1589 215 1644 oppressus
238 1592 350 1632 ruina
371 1591 436 1631 est.
467 1591 582 1632 unde
606 1591 837 1643 expiationis

22 1645 140 1687 caussa
155 1650 382 1689 nominatur
394 1649 434 1688 in
450 1649 611 1701 nuptiis,
622 1645 685 1687 sed
696 1645 832 1688 falsum

24 1704 92 1745 est.
127 1708 225 1746 Nam
253 1707 364 1745 vitari
388 1704 522 1746 debuit
547 1705 670 1759 magis
686 1718 834 1745 nomen

25 1763 195 1803 extinsti.
217 1768 239 1803 S
245 1763 289 1802 ed
304 1763 376 1803 hoc
390 1762 502 1802 habet
514 1764 676 1803 veritas:
693 1766 837 1817 Hyme-

26 1830 126 1859 naeus
137 1820 296 1874 quidam
312 1820 410 1874 apud
425 1820 597 1860 Athenas
609 1850 622 1868 ‚
640 1821 742 1860 inter
755 1819 836 1860 bel-

22 1875 59 1916 la
84 1874 274 1917 saeviffima
300 1879 467 1932 virgines
490 1877 692 1918 liberavit:
718 1890 834 1932 quam

23 1932 80 1974 ob
92 1932 251 1974 cauffam
268 1934 457 1975 nubentes
470 1936 552 1986 ejus
565 1937 749 1976 invocant
764 1948 835 1975 nu-

22 2002 134 2040 men,
145 1990 245 2047 quasi
255 1992 472 2032 liberatoris
484 1994 728 2046 virginitatis.
737 1994 836 2032 Hinc

23 2047 142 2087 etiam
170 2048 267 2102 apud
295 2047 498 2090 Romanos
512 2048 664 2089 Talafio
678 2051 835 2090 invoca-

22 2113 98 2145 tur.
129 2109 232 2146 Cum
256 2108 365 2146 enim
388 2108 433 2146 in
456 2119 565 2159 raptu
590 2106 835 2156 Sabinarum,

22 2159 191 2214 plebeius
214 2164 368 2218 quidam
379 2176 526 2217 raptam
538 2163 833 2218 pulcherrimam

22 2217 202 2259 duceret:
227 2233 276 2259 ne
290 2222 326 2260 ei
338 2220 547 2262 auferretur
559 2220 608 2261 ab
620 2223 705 2261 aliis
718 2250 732 2270 ‚
758 2226 837 2261 Ta-

22 2273 175 2315 lafionis
197 2289 283 2316 eam
310 2277 418 2317 ducis
442 2277 587 2318 nobilis
599 2276 671 2318 effe
684 2278 836 2320 fimula-

25 2332 104 2372 vit:
131 2335 236 2382 cujus
261 2335 425 2375 nomine
436 2334 512 2375 fuit
520 2337 651 2390 puellae
664 2347 745 2376 tuta
759 2337 833 2377 vir-

20 2389 179 2444 ginitas.
209 2391 324 2432 Idem.

91 2449 359 2505 Inconceffifipte
385 2451 625 2501 Hymenaeos.]
667 2448 836 2489 Historia

23 2502 71 2544 de
94 2508 323 2559 Hymeneo,
350 2504 591 2546 adolescente
617 2507 839 2546 Athenien-

13 2557 89 2600 ·se:
113 2563 179 2617 qui
204 2575 331 2614 raptas
356 2560 378 2603 a
405 2565 536 2615 piratis
551 2564 836 2616 virginesinli-

22 2615 211 2660 bertatem
225 2621 478 2661 vindicaverit
492 2635 500 2659 :
515 2621 557 2661 in
573 2621 743 2675 antiquis
755 2621 836 2674 ple-

23 2673 147 2731 risque
173 2679 294 2718 Servii
315 2677 513 2719 codicibus
538 2691 662 2719 manu
687 2675 836 2730 scriptis

23 2745 109 2773 non
135 2736 342 2787 reperitur:
365 2749 480 2790 quate
505 2748 636 2777 vereor
653 2764 666 2783 ,
696 2749 746 2776 ne
769 2737 835 2776 illa
861 2735 863 2737 ’

22 2788 97 2832 fint
106 2792 333 2833 adulterina.
365 2797 513 2834 Pierius.

80 2851 320 2905 Inconcessbs]
334 2855 412 2890 Hac
421 2850 549 2891 forma
562 2848 790 2891 Arnoblib.
801 2866 831 2893 r.

18 2905 198 2960 inconcessi
220 2909 593 2960 amorisflammcu,&
600 2910 755 2959 furiales
766 2911 837 2950 im-

21 2966 163 3004 mittere
174 2964 403 3019 cupiditates.
433 2966 574 3006 Cerda.

889 623 1098 664 redituram
1122 622 1158 663 se
1185 622 1337 678 sperans
1352 653 1365 672 ‚
1399 639 1553 682 propter
1566 628 1711 668 admis-

891 677 971 720 sum
984 680 1228 728 adulterium,
1260 694 1461 735 propterea
1489 684 1639 726 addidit
1651 691 1710 726 in-

884 737 1042 790 conceffis
1056 741 1267 790 Hymenaeus.
1305 745 1499 780 Donatus,

942 795 1171 846 Extnlerat]
1203 801 1263 836 Ita
1277 798 1316 835 &
1336 798 1455 837 Graeci
1470 799 1632 852 ἐκφέρειν
1644 800 1704 840 di-

885 861 990 890 cunt.
1024 850 1105 890 Alii
1116 852 1147 891 1.
1161 851 1386 905 Abstulerat.
1422 854 1588 895 Taubm.

940 909 1077 947 Matr&
1110 908 1211 948 Ledae
1247 912 1408 951 mirabile
1428 912 1594 965 donum]
1634 915 1706 956 Vel

883 964 985 1017 quod
999 961 1076 1018 ipsa
1089 963 1175 1004 filiae
1188 977 1202 1011 3
1218 967 1287 1007 Vel
1301 967 1405 1022 quod
1419 969 1455 1007 ei
1470 970 1621 1027 Jupiter
1634 971 1702 1011 de-

884 1022 1001 1061 derat.
1036 1024 1193 1062 Serviur.

937 1078 1034 1118 Ledae
1046 1079 1239 1132 mirabile]
1259 1083 1314 1120 Ut
1327 1091 1408 1119 tam
1423 1080 1575 1134 pulchra
1590 1111 1603 1131 ,
1628 1083 1700 1126 nifi

882 1130 902 1174 a
920 1148 1058 1182 matre,
1070 1136 1208 1176 donari
1222 1150 1303 1176 non
1317 1136 1538 1190 potuissent:
1555 1142 1595 1180 &
1609 1154 1699 1182 cum

881 1191 1134 1239 donarentur,
1151 1195 1314 1233 miratos
1326 1193 1399 1235 effe
1409 1227 1417 1240 ,
1429 1196 1496 1250 qui
1509 1198 1701 1239 viderent.

882 1250 1053 1290 Adduxit
1064 1262 1193 1291 autern
1208 1281 1220 1298 ,
1245 1263 1287 1292 ut
1305 1250 1364 1291 his
1377 1265 1546 1293 uteretur
1558 1284 1570 1301 ,
1598 1269 1698 1309 quo-

879 1307 984 1347 tiens
994 1308 1165 1348 adultera
1173 1307 1382 1349 formofior
1394 1310 1513 1350 videri
1527 1313 1695 1352 volebat.

883 1367 985 1418 Ergo
1008 1362 1235 1418 superabant
1258 1366 1428 1407 formam
1443 1397 1456 1415 ,
1487 1382 1567 1423 qure
1592 1370 1702 1423 pingi

883 1435 965 1461 non
978 1423 1120 1475 potuit,
1132 1422 1463 1480 pulchrioremque
1474 1425 1702 1468 reddebant.

885 1484 1060 1520 Donatus.

937 1537 1038 1578 Ledae
1051 1539 1210 1579 mirabile
1219 1537 1384 1590 donum]
1405 1539 1493 1587 Vel,
1505 1539 1609 1594 quod
1618 1540 1629 1579 i
1634 1539 1700 1593 psa

879 1591 992 1641 fi11ae3
1022 1595 1082 1634 vel
1102 1623 1116 1642 ,
1141 1595 1247 1649 quod
1269 1596 1307 1635 ei
1333 1595 1513 1652 Juppiter
1525 1597 1698 1637 dederat.

881 1649 983 1690 Leda
996 1648 1018 1691 a
1031 1655 1131 1708 Jove
1142 1653 1185 1693 in
1199 1664 1363 1706 cygnum
1377 1652 1564 1694 converso
1577 1682 1592 1701 ‚
1620 1656 1698 1694 im-

882 1718 1071 1762 praegnata
1082 1723 1200 1750 ovum
1215 1710 1360 1762 peperit
1374 1724 1384 1748 τ
1402 1711 1504 1750 unde
1517 1714 1701 1765 prognati

880 1762 968 1805 sunt
993 1765 1129 1807 Castor
1143 1796 1154 1814 ,
1181 1768 1317 1807 Pollux
1332 1770 1372 1808 ὅ(
1385 1769 1544 1808 Helena.
1591 1774 1700 1811 Dum

880 1821 990 1872 dicit,
1005 1826 1163 1865 mirabile
1180 1844 1190 1873 3
1222 1836 1336 1864 notat
1348 1824 1500 1865 artificii
1513 1827 1702 1867 excellen-

880 1879 978 1919 tiam
998 1893 1008 1919 :
1048 1880 1275 1936 videturque
1298 1883 1462 1922 innuere
1478 1911 1491 1930 ‚
1519 1883 1702 1931 manibus

882 1936 992 1976 Ledae
1003 1950 1150 1979 textum
1162 1937 1282 1980 fuisse.
1328 1945 1376 1980 Et
1401 1938 1498 1980 solet
1521 1944 1636 1981 Poeta
1656 1942 1700 1982 in

879 1991 1070 2045 ejusmodi
1094 1995 1321 2037 numeribus
1346 2000 1554 2052 plerunque
1577 1999 1704 2039 artifi-

880 2064 969 2092 cum
983 2051 1213 2093 meminisse.
1245 2059 1306 2094 Ita
1321 2068 1359 2106 3.
1374 2060 1464 2098 ἔξω.
1479 2055 1704 2097 Androma-

879 2109 949 2150 che
966 2111 1212 2165 chlamydem
1224 2109 1393 2162 Ascanio
1407 2114 1558 2153 donans
1570 2114 1640 2160 ait,

913 2171 1071 2224 Accipe,
1092 2176 1143 2213 (θ’
1156 2168 1226 2208 haec
1238 2186 1406 2211 manuum
1418 2171 1486 2211 tibi
1496 2186 1569 2226 quae
1581 2187 1701 2215 monu-

1040 2238 1162 2265 menta
1181 2243 1337 2268 mearum

913 2284 1012 2331 Sint,
1023 2297 1124 2334 puer,
1137 2289 1223 2328 &c-

886 2340 928 2378 &
942 2354 980 2391 4.
999 2346 1096 2382 AEn.

956 2417 1032 2428 —
1047 2400 1213 2451 Tyrioque
1225 2396 1377 2438 ardebat
1387 2400 1517 2439 murice
1528 2400 1617 2438 Iaena

910 2456 1074 2508 Demiffiz
1087 2470 1130 2493 ex
1144 2455 1298 2495 humeris
1310 2466 1325 2500 3
1349 2455 1451 2495 dives
1464 2471 1540 2512 quae
1552 2471 1701 2497 muner-t

1052 2511 1149 2550 Dido

913 2572 1059 2607 Fecerat
1075 2595 1089 2617 ,
1102 2574 1154 2613 <9⁴
1166 2570 1264 2614 tenni
1273 2573 1361 2610 telas
1374 2569 1594 2623 disireverat
1605 2587 1701 2612 auro,

884 2623 1053 2664 Taubm.

939 2682 964 2721 6
972 2696 988 2732 5
999 2694 1015 2727 ξ
1025 2714 1033 2722 .
1072 2689 1258 2724 ‘Praetereae
1261 2685 1454 2740 sceptrum,
1469 2685 1612 2738 Iliona]
1630 2690 1706 2725 Be·-

885 2750 934 2777 ne
951 2737 1068 2779 offert
1081 2753 1241 2781 munera
1257 2770 1268 2786 ,
1287 2752 1374 2793 apta
1387 2739 1583 2795 personis:
1613 2740 1706 2783 ficut

884 2795 1006 2835 etiam
1019 2798 1177 2845 Latino,
1193 2799 1233 2837 in
1246 2795 1427 2851 septimo.
1460 2803 1621 2839 Servius.

940 2857 1050 2894 Ilione
1061 2855 1305 2910 quodgeffirat
1315 2854 1432 2910 olim]
1465 2856 1571 2912 Qia
1584 2857 1704 2897 etiam

882 2908 1036 2961 feminae
1048 2911 1194 2966 sceptro
1209 2911 1428 2953 utebantur.
1458 2912 1627 2954 Gesserat
1639 2927 1711 2953 au-

887 2979 967 3007 tem
984 2997 995 3015 ‚
1026 2982 1067 3011 ut
1081 2998 1095 3017 ‚
1121 2971 1183 3010 hoc
1200 2973 1337 3011 Priami
1351 2970 1517 3025 &stamen
1531 2984 1607 3011 erat
1620 2990 1631 3010 .·
1664 2972 1707 3010 &

79 3020 173 3069 652.
202 3024 436 3076 Extulerat.]
483 3028 618 3065 Secum
658 3036 836 3080 exporta-
858 3043 863 3056 ⁴
886 3027 1065 3080 quaeritur
1091 3039 1219 3068 utrum
1233 3027 1305 3067 hoc
1317 3022 1505 3081 sceptrum
1521 3028 1568 3067 de
1582 3028 1713 3067 Thra-

30 3087 147 3117 verat.
179 3081 336 3119 Servius.

886 3084 963 3131 cia,
983 3097 1033 3124 an
1047 3085 1095 3124 de
1106 3087 1229 3135 Troja
1240 3083 1446 3125 sublatum:
1470 3085 1628 3138 quidam
1644 3089 1710 3126 ἃ·

69 3138 292 3191 Εκιιιίενιιι.]
310 3138 413 3179 Nam
427 3150 514 3180 cum
526 3135 616 3181 ess‘et
627 3140 730 3195 regis
742 3153 834 3183 uxor
889 3153 967 3184 neae
979 3140 1026 3183 ab
1041 3143 1169 3185 Iliona
1179 3143 1314 3186 datum
1326 3143 1476 3191 dicunt-3
1491 3140 1552 3185 sed
1576 3155 1717 3199 quam--

1658 3200 1717 3240 vis
