2037 3787
288 148 412 232 '144
788 148 1506 212 ernerrtr

408 244 704 321 Harpalyce
722 278 738 305 ‚
756 241 1129 322 volucremque
1146 241 1264 326 fuga
1283 245 1600 324 praevertitur
1616 245 1882 310 Hebrum]
1930 265 1932 267 ’

408 330 662 408 Namque
692 321 918 381 humeris
935 323 1003 383 de
1018 347 1170 385 more
1185 327 1410 389 habilem
1430 326 1755 411 suspenderat
1769 333 1942 390 arcum

219 1223 222 1226 Δ
252 1208 255 1209 ’
289 1199 451 1261 praeQens
463 1214 531 1255 pro
543 1202 760 1254 praeterito,
784 1199 874 1241 ficut
900 1202 1104 1258 &praever-

265 544 267 547 .
285 516 455 572 virgines
466 515 597 556 venari
606 512 887 556 consueverint.
901 514 996 558 Vide
1011 517 1098 559 Plu-

286 573 411 615 meh.-
422 576 463 614 in
481 579 667 628 Lycurgo.
698 575 839 614 Taubm.

344 631 541 683 Thraiffit]
571 630 733 670 Thracia
750 659 761 675 ,
786 631 827 670 δε
851 627 905 670 est
932 627 1072 671 solutio
1090 642 1099 668 :

289 699 383 728 narn
399 687 538 739 Tlmffiz
558 686 674 734 facit,
705 683 795 735 ficut
809 713 823 734 ‚
855 689 972 741 Creſj'c'a
989 703 1101 742 genus

287 745 427 797 *Pholobss
471 747 643 785 Veniunt
662 755 793 784 autem
805 741 853 783 ab
865 744 1036 798 e0‚quod
1048 743 1101 783 est

291 809 378 843 Cres
394 830 404 848 ‚
423 802 543 842 Thres.
581 805 637 841 Ut
649 812 779 842 autem
792 803 935 856 Creissa
951 813 1034 840 non
1045 799 1102 840 fa-

286 859 365 898 ciat
377 887 389 905 ,
403 858 497 899 illud
507 857 561 898 est
574 885 590 907 ‚
604 859 693 913 quia
707 859 825 913 Creffiae
849 871 917 910 per
931 873 948 898 n
960 856 1102 910 fimpli-

289 917 387 955 citer
399 913 590 962 scribitur,
605 929 675 955 nec
687 914 810 969 potest
823 916 990 967 recipere
1005 912 1102 955 solu-

288 973 454 1013 tionem.
473 974 774 1027 Thm'fiffizssautem
790 988 819 1012 ει
832 972 1105 1027 diphthongon

289 1028 408 1070 habet
420 1058 431 1077 ‚
445 1030 548 1070 unde
560 1032 600 1070 δε
611 1028 822 1070 resolvitur.
849 1032 1010 1069 Servius.

352 1088 536 1144 fatigat-J
551 1092 625 1127 Suo
635 1084 778 1127 scilicet
789 1083 904 1127 cursu.
912 1091 1011 1136 Sane
1023 1086 1103 1142 qui-

289 1142 382 1184 dam
395 1148 539 1200 fatigat
563 1157 633 1197 pro
669 1143 849 1198 fatigavit
884 1144 1076 1197 accipiunt
1089 1171 1105 1193 ,

288 1262 384 1299 titur
438 1271 463 1298 o
476 1255 654 1311 praeverl‘a
664 1257 730 1298 est.
759 1257 878 1298 Idem.

351 1317 422 1357 Thr
439 1304 692 1371 'iffizfatigatq
718 1315 812 1370 Qae
830 1324 978 1369 patrem
991 1310 1014 1353 Ξι
1029 1317 1106 1353 Ge·

291 1372 344 1413 tis
370 1369 486 1428 (qubs
509 1372 694 1413 diuturno
707 1371 812 1412 bello
823 1369 964 1412 vexaffe
976 1368 1108 1411 scribi·

292 1429 376 1483 tur)
401 1426 552 1483 captum
567 1442 686 1469 manu
696 1427 830 1469 coast&
840 1429 1038 1468 celerrime
1051 1441 1108 1467 re-

290 1486 404 1539 cepit.
426 1481 521 1536 sTuit
535 1488 575 1525 δε
588 1490 785 1540 Harpalyce
798 1513 810 1533 ,
825 1498 905 1540 quae
920 1484 1108 1538 Iphiclum

290 1543 383 1583 arde
434 1542 562 1582 issimo
600 1556 733 1583 amore
771 1555 860 1583 cum
894 1542 1085 1596 deperiret
1099 1569 1111 1587 ,

292 1598 377 1653 spre
397 1614 417 1640 a
430 1599 566 1640 dolore
577 1601 699 1640 animi
710 1600 881 1648 interiit3
899 1596 922 1639 Ξ
935 1611 1012 1653 quo
1024 1611 1113 1638 can-

295 1642 419 1707 tiJum
444 1656 638 1711 quoddam
660 1661 858 1713 Harpalyce
893 1655 1089 1696 dicebatur
1104 1669 1114 1694 t

295 1725 342 1755 ut
356 1726 467 1754 notat
479 1712 648 1754 Turneb.
665 1715 691 1753 l.
702 1728 760 1755 10.
776 1728 808 1754 c.
819 1727 837 1754 1
848 1728 880 1755 1.
910 1713 1029 1767 qui&
1044 1712 1117 1753 hoc

298 1785 450 1814 nomen
463 1785 527 1825 per
530 1791 560 1826 y
570 1769 812 1811 scribendum
825 1768 1116 1814 censenrauhm.

347 1830 538 1886 fatigat]
560 1833 646 1868 Hoc
656 1827 815 1868 verbum
824 1828 930 1868 idem
938 1827 1042 1880 quod
1046 1831 1119 1881 ste-

293 1901 343 1944 pe
366 1902 526 1927 exercere
540 1914 552 1931 ,
578 1887 617 1925 &
642 1885 827 1942 delaffitre.
851 1886 877 1924 1.
887 1901 918 1926 1.
939 1883 1005 1925 sat.
1022 1898 1059 1926 2.

360 1964 437 1975 ——·
450 1943 543 1994 velsi
557 1949 717 1985 Romana
729 1946 867 1999 fatigat

359 2004 501 2041 Militia
512 2003 659 2052 afflietus
673 2004 835 2041 Graecari.
905 1996 953 2039 fic
968 2000 1007 2039 &
1019 2014 1122 2040 exer-

304 2070 381 2100 cere
397 2070 466 2113 pro
482 2056 641 2110 fatigare
653 2055 716 2104 fill
733 2071 781 2109 43
794 2071 828 2111 ῐ.χ
858 2057 1065 2111 Emmeneffl

331 2131 350 2168 3
363 2129 377 2156 1
386 2132 421 2168 7.
430 2113 837 2170 Harpalyce.]Qridam
849 2110 872 2154 a
886 2125 988 2167 patre
1001 2120 1123 2166 Arpa-

305 2173 387 2213 lico
403 2202 419 2222 ,
430 2174 496 2226 qui
510 2186 572 2212 rex
588 2172 921 2225 Amymoniorum
951 2169 1121 2209 Thraciae

302 2230 432 2285 gentis
442 2228 532 2276 fuit,
545 2231 598 2268 ita
613 2228 798 2269 nutritam
812 2228 945 2268 dicunt
958 2255 973 2276 ‚
988 2237 1030 2266 ut
1042 2225 1121 2280 ipse

303 2282 521 2327 Camillam
534 2283 556 2326 a
570 2284 730 2325 Metabo
741 2284 845 2325 facit.
885 2289 971 2324 Haec
986 2312 999 2330 ‚
1013 2296 1121 2337 patre

304 2356 463 2398 propter
485 2343 667 2383 ferociam
693 2339 714 2382 Ξι
739 2342 884 2382 civibus
912 2338 1021 2395 pulso
1035 2369 1047 2388 ,
1077 2354 1121 2380 ac

305 2401 438 2455 postea
462 2398 603 2447 occiso,
625 2399 724 2453 fugit
738 2400 779 2437 in
790 2398 895 2438 filvas
909 2427 920 2446 ,
948 2400 988 2438 ὃ(
1003 2410 1120 2437 vena-

303 2457 409 2499 tibus
418 2454 706 2510 latrociniisque
718 2455 886 2496 vivendo
898 2456 953 2495 ita
965 2453 1123 2494 effetata

306 2515 389 2562 est3
419 2517 459 2555 &
487 2514 595 2563 hujus
608 2513 820 2553 velocitatis
836 2515 876 2553 &
888 2511 1124 2552 exercitiifa-

308 2574 370 2613 &a
381 2571 434 2612 est
449 2600 463 2621 ,
487 2582 529 2612 ut
553 2569 680 2612 subito
701 2571 749 2610 ad
761 2570 887 2611 vicina
898 2569 1039 2609 stabula
1043 2581 1127 2618 ‚co-

309 2631 396 2670 asta
407 2630 556 2682 inopia,
569 2629 812 2676 decurreret,
826 2629 867 2666 &
890 2636 1001 2678 rapto
1015 2638 1124 2678 peco-

308 2700 397 2727 rum
409 2685 513 2735 fatu,
534 2683 778 2740 insequentes
792 2683 910 2724 etiam
923 2683 1070 2738 equites
1081 2683 1124 2722 in

305 2744 505 2783 celeritate
517 2743 671 2790 vitaret3
683 2739 746 2782 sed
755 2739 925 2797 quodam
936 2750 1127 2792 tempore,

310 2799 442 2854 politis
454 2799 501 2839 ad
514 2798 875 2839 infidias‘cervorum
888 2797 1011 2850 plagis
1025 2825 1037 2843 ‚
1063 2809 1123 2835 ca-

311 2869 378 2910 pta
392 2859 431 2897 &
447 2854 568 2897 occisa
579 2855 632 2897 est
650 2869 664 2903 3
689 2857 796 2905 cujus
824 2866 994 2895 mortem
1012 2852 1125 2893 nobi-

311 2915 440 2955 litavit
461 2926 598 2953 eorum
619 2914 755 2960 exitus,
779 2913 846 2967 qui
869 2923 955 2950 eam
980 2910 1129 2950 occide-

1787 417 1844 475 V
1847 435 1971 471 ena-

1146 517 1364 568 micaretur.
1406 519 1538 561 Postea
1561 516 1797 560 consuetudo
1820 519 1964 559 servata

1147 573 1214 621 est,
1230 586 1271 615 ut
1282 576 1331 616 ad
1344 579 1533 618 tumulum
1548 574 1707 631 virginis
1718 577 1849 629 populi
1862 584 1976 615 con-'

1147 632 1351 680 venirent,
1382 636 1423 674 &
1447 645 1601 688 propter
1623 635 1885 686 expiationem
1898 641 1965 685 'pet

1146 687 1358 742 imaginem
1382 702 1514 744 pugnae
1537 701 1824 730 concurrerent.
1864 688 1967 744 Qi-

1149 745 1238 784 dam
1254 745 1362 796 hujus
1377 759 1520 800 patrem
1533 744 1556 788 a
1571 748 1684 787 Getis
1697 774 1711 795 ‚
1736 758 1779 787 ut
1801 747 1869 785 alii
1896 759 1967 785 vo·
1995 797 1998 800 ἢ
2036 781 2037 789 ,

1149 803 1236 841 lunt
1249 799 1272 842 ὲ
1285 804 1589 844 Mirmidonibus
1599 816 1754 857 captum
1770 832 1782 851 ,
1800 803 1965 843 collecta
2036 796 2037 841 Ῐ

1151 860 1401 901 multitudine
1422 859 1585 901 afferunt
1606 856 1779 901 liberasse
1791 859 1967 905 celerius,

1151 929 1266 970 quam
1290 916 1338 956 de
1362 916 1804 971 foeminiscredipotett.
1847 916 1967 957 Unde

1157 977 1196 1013 &
1229 973 1392 1014 flumina
1413 974 1552 1014 dicitur
1574 976 1770 1015 celeritate
1792 972 1962 1015 transire.

1155 1033 1312 1071 Servius.

1212 1091 1391 1136 Volucrem
1404 1087 1599 1139 Hebrum]
1627 1088 1797 1128 Multum
1811 1085 1968 1143 quidem
2018 1129 2021 1133 ,

1152 1144 1275 1185 laudis
1288 1145 1441 1185 flumini
1453 1145 1628 1199 epitheto
1640 1144 1807 1193 addidit,
1821 1142 1887 1184 sed
1897 1143 1971 1183 fal-

1155 1198 1236 1242 sum
1252 1201 1306 1242 est
1325 1231 1338 1248 ,
1380 1215 1471 1242 nam
1495 1201 1549 1241 est
1572 1200 1826 1256 quietissimus
1848 1200 1994 1241 etiam·
2023 1222 2024 1225 ¹

1153 1271 1241 1299 cum
1269 1273 1334 1313 per
1345 1256 1664 1299 hiememcrescit.
1711 1257 1772 1298 Est
1785 1257 1972 1299 autemin

1157 1316 1321 1356 Thracia
1343 1327 1436 1356 ante
1459 1329 1592 1356 muros
1607 1313 1775 1370 Cypsalae
1789 1319 1810 1344 *
1824 1313 1912 1354 satis
1924 1313 1974 1354 de

1155 1374 1252 1412 locis
1274 1370 1414 1426 superis
1434 1373 1604 1412 Thraciae
1629 1375 1791 1413 veniens
1808 1399 1821 1419 ‚
1851 1371 1976 1411 distus

1157 1441 1285 1470 autem
1300 1431 1350 1469 ab
1363 1428 1495 1469 Hebro
1509 1458 1522 1477 ,
1553 1432 1669 1470 Hemi
1694 1431 1736 1470 &
1763 1427 1978 1481 Rhodopes

1158 1485 1254 1527 filio.
1289 1487 1405 1532 Idem.
1990 1509 1993 1511 ·

1218 1548 1314 1600 Fuga
1321 1542 1586 1598 prtem-enimn]
1616 1542 1660 1582 Id
1671 1540 1725 1583 est
1740 1571 1753 1590 ,
1777 1543 1857 1582 cito
1868 1539 1976 1582 cursu

1141 1602 1340 1652 -praevenit
1353 1629 1364 1647 ,
1380 1614 1421 1643 ut
1439 1605 1544 1642 Non.
1558 1604 1678 1639 Marc.
1691 1612 1768 1653 cap.
1785 1614 1824 1652 4.
1850 1598 1979 1640 noster

1163 1658 1287 1700 aestive
1301 1657 1415 1700 habet
1426 1660 1456 1699 l.
1472 1672 1513 1710 7.
1525 1662 1612 1700 Καὶ.
1631 1654 1697 1704 ,ζ’[ἶ
1713 1661 1807 1707 807·

1225 1717 1396 1772 (arsitque
1405 1716 1533 1771 pedum
1545 1726 1752 1771 praevertere
1763 1724 1901 1755 ventos.

1170 1772 1249 1812 &l-
1271 1786 1329 1813 12.
1348 1772 1408 1823 ybs.
1428 1787 1518 1827 345.

1223 1850 1325 1862 -—-·
1347 1835 1405 1871 vel
1417 1847 1501 1886 ‘'qq-0
1506 1840 1719 1884 praevertere
1729 1832 1866 1868 vedtos.

1170 1886 1278 1934 Vide,
1305 1900 1385 1941 quae
1408 1886 1622 1927 Lambinus
1639 1885 1793 1928 notavit
1813 1883 1861 1926 ad
1885 1884 1982 1922 Hor.

1165 1942 1237 1983 lib.
1259 1957 1291 1984 r.
1307 1949 1380 1985 Sat.
1407 1944 1615 1997 Emmeneffl

1226 2003 1496 2054 Praevertitur.]
1521 2002 1577 2042 '1d
1590 1999 1643 2040 est
1658 2027 1671 2046 ,
1696 1997 1838 2039 tranfit.
1874 1996 1983 2037 Dici·

1170 2070 1256 2096 mus
1276 2054 1404 2098 autern
1435 2061 1475 2099 &
1490 2061 1678 2112 pra-vertit
1693 2058 1732 2096 δε
1741 2056 1990 2111 praevertitur,
2025 2062 2030 2072 ⁴

1175 2127 1275 2155 nova
1289 2116 1453 2154 ratione.
1487 2119 1588 2155 Nam
1602 2111 1737 2167 paffiva
1752 2111 1986 2152 declinatio-

1172 2185 1220 2211 ue
1247 2172 1391 2213 urimur
1413 2173 1456 2211 in
1470 2173 1592 2212 astiva
1604 2170 1885 2224 significatione
1897 2195 1910 2214 ,
1940 2177 1984 2207 ut

1172 2227 1243 2268 hoc
1266 2229 1369 2269 loco:
1404 2235 1493 2269 Cum
1516 2229 1580 2284 ipfi
1600 2231 1763 2283 praeimus
1783 2228 1877 2266 enim
1901 2236 1989 2264 tunc
2029 2275 2031 2279 ι

1166 2289 1428 2340 praevertimur.
1468 2285 1574 2326 Cum
1590 2295 1720 2324 autem
1733 2285 1855 2324 activa
1868 2280 1987 2321 decli-

1171 2342 1281 2383 natio
1292 2342 1369 2390 est,
1397 2341 1575 2396 paffivam
1602 2341 1717 2382 h'abet
1741 2338 1989 2393 fignificatio-
2026 2349 2032 2376 s

1172 2412 1277 2447 nem,
1291 2400 1433 2444 ut‚ille
1445 2416 1497 2440 me
1502 2410 1700 2456 praevertzt.
1734 2398 1986 2452 Aliipr-aever·
2030 2441 2033 2446 Ι

1169 2459 1262 2497 titur
1283 2455 1329 2495 fic
1355 2456 1517 2509 politum
1544 2458 1706 2504 volunt,
1736 2465 1780 2495 ut
1793 2453 1991 2496 ‘Bellantur
2027 2471 2033 2507 ὅ·

1174 2514 1373 2561 Amazones
1405 2518 1513 2555 armis
1528 2542 1540 2561 ‚
1564 2514 1822 2570 propraevertit
1848 2507 1994 2551 &bel-
2024 2519 2033 2558 >J

1172 2571 1271 2610 lant.
1308 2573 1464 2610 Servius.
1512 2600 1514 2602 v
1966 2610 1968 2612 ,
2019 2562 2033 2644 ,ᾗ

1225 2630 1462 2666 Praevertitur
1472 2626 1668 2678 Hebrum-‘J
1695 2625 1860 2672 Servius,
1874 2627 2002 2681 traff'
2025 2631 2034 2679 'i

1172 2685 1204 2722 it
1217 2710 1232 2731 ‚
1248 2684 1543 2736 interpretatur:
1572 2683 1665 2732 alii,
1689 2686 1873 2724 velocitate
1881 2684 1992 2739 stepe-
2027 2681 2034 2721 Ἴ.

1174 2751 1247 2780 rat.
1280 2744 1340 2779 Ita
1354 2741 1552 2780 Catullus:
1765 2764 1772 2765 ff
2016 2749 2033 2791 j,

1178 2797 1180 2799 '
1235 2801 1411 2838 Flammea
1428 2809 1652 2853 praevertms
1684 2800 1804 2839 celeris
1837 2796 1992 2855 vestigia

1320 2869 1436 2894 (ἔνθα.
2034 2892 2035 2895 ¹

1182 2911 1321 2950 Hebrus
1332 2922 1463 2951 autem
1474 2910 1608 2951 fluvius
1620 2910 1803 2952 Thraciae:
1817 2911 1859 2950 in
1873 2924 1990 2966 quem
2034 2942 2035 2947 ,

313 2983 431 3013 runt:
459 2969 586 3010 statim
598 2971 760 3010 enimin
775 2969 921 3009 vicinia
935 2979 1022 3007 orta
1033 2964 1129 3007 conss
1179 2977 1292 3019 caput
1317 2964 1662 3022 Orpheiassacchis
1673 2969 1890 3023 projectum
1902 2968 1988 3010 fixit.

313 3029 444 3068 tentio
469 3027 548 3074 est,
587 3029 692 3078 cuius
712 3024 840 3067 fuisset
859 3024 1000 3068 haedus,
1016 3038 1146 3079 quemv
1182 3026 1324 3065 Taubm.
1528 3040 1531 3042 ·
2030 3071 2034 3073 ‚

314 3085 527 3138 Harpalyce
537 3094 707 3136 rapuerat
720 3113 735 3133 ‚
758 3084 812 3123 ita
835 3094 877 3124 ut
900 3082 1005 3136 gravi
1015 3092 1135 3121 certa·
1243 3082 1336 3134 318.
1363 3083 1561 3136 Namque]
1595 3086 1652 3124 ut
1675 3080 1898 3130 ostendatur
1921 3077 2001 3122 effe
2017 3091 2035 3118 A

316 3141 425 3183 mine
450 3153 534 3182 non
559 3139 640 3183 sme
663 3141 841 3196 plurimis
865 3137 1059 3184 mortibus
1072 3138 1131 3181 di-
1182 3138 1365 3181 venatrix.
1394 3139 1555 3180 servius.
1576 3162 1583 3164 <

1930 3168 1994 3252 οὲ
