2037 3787
302 174 403 234 132

783 153 1497 212 P.V1ne1211

439 253 522 311 Sic
541 250 806 332 placitum.
854 252 1031 309 veniet
1047 252 1214 312 lustris
1229 253 1514 314 labentibus
1530 271 1670 323 aetas‚

442 339 587 393 Cum
606 334 793 391 domus
812 330 1038 394 Affaraci
1054 335 1298 395 Phthiam
1313 336 1568 420 clarasque
1583 342 1839 419 Mycenas

1885 410 2007 483 Ser'-'

314 512 474 555 bebant.
504 513 636 571 usquc
648 515 747 556 adeo
760 527 852 557 vero
863 521 952 573 Toga
962 515 1037 558 fuit
1050 523 1133 560 Ro·
1147 539 1149 541 -
1186 505 1420 561 nonlIcebat
1434 549 1446 568 ,
1472 520 1542 562 nifi
1555 520 1693 562 ambos
1708 519 1901 563 Censores
1914 523 2000 577 post

315 571 447 611 manis
469 576 623 626 propria
647 574 735 626 (ceu
748 573 906 613 pallium
921 576 1079 628 Graecis)
1092 586 1133 615 ut

315 628 383 681 qui
396 632 488 684 Jure
500 630 668 682 civitatis
678 629 917 670 donarentur
929 637 1051 687 Togati
1062 630 1134 672 este

315 684 549 738 inciperent.
595 689 666 727 Per
689 694 811 743 Togam
835 686 1024 743 siquidem
1049 694 1132 730 Ro-

318 754 457 781 manus
469 743 561 783 civis
572 742 824 784 indicabatur.
855 750 913 785 lta
923 757 1058 786 contra
1070 747 1134 786 de-

312 800 466 854 portat&
480 827 492 845 ‚
521 801 561 840 ἃ
573 800 712 856 quibus
725 806 837 857 Aqua
851 803 891 842 &
907 805 993 856 Igni
1011 805 1131 844 inter-

319 855 467 895 distum
491 869 573 896 erat
590 885 607 907 ,
631 867 755 914 Togam
774 856 883 899 fuisse
895 861 1131 915 ademptam,

319 914 524 954 eit-Plinio
547 916 768 970 colligitur,
793 915 907 968 Epist.
934 919 958 957 l.
984 933 1027 970 4.
1054 920 1129 958 διε.

319 972 384 1009 De
411 976 501 1026 Toga
535 976 638 1012 Rom.
683 986 728 1012 ex
761 969 925 1026 professo
959 976 1137 1027 trastavit

321 1028 412 1066 Cat.
439 1029 618 1081 Sigonius
643 1030 667 1069 l.
686 1043 721 1083 3.
752 1036 814 1071 De
836 1035 860 1087 J
865 1031 1001 1073 udiciis
1013 1060 1031 1080 ,
1051 1045 1131 1086 cap.

325 1084 390 1124 18⁴.
421 1089 542 1125 Porro
568 1087 614 1127 de
629 1086 764 1127 vestitu
778 1092 965 1127 Romano
979 1119 991 1136 ,
1016 1093 1134 1144 Togae

298 1137 527 1193 *praesertim
542 1171 554 1189 ‚
579 1157 695 1197 quam
719 1143 848 1184 albam
871 1143 1006 1193 fuisse,
1033 1159 1136 1202 aeque

325 1210 369 1236 ac
393 1200 564 1238 tunicam
592 1203 632 1240 ὃς
656 1202 830 1249 calceos,
852 1201 968 1243 docet
980 1202 1136 1258 copiose

316 1255 467 1308 Lipsius
481 1256 604 1296 Elect.
617 1259 642 1298 l.
659 1275 688 1298 r.
699 1271 742 1312 13
753 1287 763 1297 .
794 1260 940 1300 Taubm.

379 1318 592 1367 Gentemque
615 1327 781 1370 togatam.
801 1316 818 1368 ]
849 1320 955 1356 Bene
969 1330 1112 1373 gentem
1126 1346 1138 1365 ‚

312 1369 412 1422 ,quia
438 1371 478 1409 ὅς
503 1367 608 1411 sexus
632 1373 764 1411 omnis
789 1375 830 1413 ὃ(
853 1374 1032 1415 conditio
1046 1387 1137 1429 toga

289 1448 306 1475 5
320 1424 523 1467 utebatur:
547 1427 610 1467 sed
636 1426 730 1469 servi
758 1442 829 1469 nec
851 1429 1006 1470 colobia
1022 1460 1034 1478 ‚
1064 1445 1137 1471 nec

315 1483 464 1523 calceos
488 1482 695 1526 habebant.
720 1490 853 1539 >Togae
877 1488 996 1527 etiam
1006 1487 1141 1529 foemi-

320 1539 456 1579 minas
478 1540 646 1582 habuisse
659 1571 672 1588 ‚
695 1544 893 1597 cycladum
908 1546 948 1584 ὅτ.
961 1546 1083 1585 recini
1097 1559 1141 1586 u-

319 1592 381 1636 sus
404 1597 587 1639 ostendit.
641 1604 796 1651 Recinus
830 1613 961 1642 autem
982 1601 1138 1650 dicitur,

321 1654 429 1707 quod
453 1654 535 1708 post
549 1667 701 1711 tergum
713 1659 886 1708 rejicitur
899 1686 912 1706 ,
938 1660 1042 1715 quod
1058 1661 1136 1701 vul-

321 1723 374 1764 go
388 1712 712 1755 Mavortedicunt.
737 1718 896 1756 Servius.

376 1775 590 1826 Gentemque
600 1773 796 1828 togatam]
824 1770 1007 1813 Laberius
1018 1772 1138 1812 etiam

313 1837 459 1880 gentem
481 1838 638 1883 togatam
650 1857 666 1879 ,
692 1828 882 1887 &stirpem
895 1841 1048 1885 togatam
1063 1843 1136 1871 vo-

322 1893 385 1922 cat
404 1887 640 1933 Romanos,
681 1888 826 1927 citante
846 1885 1069 1927 Macrobio.
1094 1889 1135 1928 ὅ(

321 1940 543 1993 Propertius
568 1941 637 1982 lib.
650 1957 690 1995 4.
704 1945 801 1998 eleg.
827 1944 947 1990 dixit,
971 1945 1075 1984 turba
1086 1957 1140 1985 to-

316 2010 411 2051 gata
423 2026 434 2044 ,
449 1997 495 2038 de
511 2003 703 2050 Romana.
737 1999 921 2055 scripsere
935 1999 1049 2041 multi
1062 2015 1135 2042 no-

327 2064 390 2093 tas
402 2056 523 2095 varias
533 2056 581 2096 de
595 2062 777 2098 Romana
793 2070 898 2113 toga.
927 2063 987 2098 De
1001 2060 1133 2100 colore

323 2112 409 2163 ejus
432 2112 548 2153 doste
574 2113 718 2167 Lipsius
733 2143 743 2161 ,
769 2115 838 2156 lib.
860 2131 892 2157 1.
910 2117 1030 2156 Elea.
1047 2130 1130 2169 cap.

326 2180 392 2220 13.
431 2175 479 2210 In
508 2170 669 2224 sigonio
693 2174 734 2211 ὃ(
757 2172 889 2228 Bayfio
915 2185 998 2219 non
1023 2186 1138 2226 pauca

321 2221 414 2265 sunt
426 2254 437 2273 ,
453 2228 575 2268 multa
585 2228 629 2268 in
639 2230 886 2271 Tertulliano
898 2228 971 2271 lib.
984 2229 1033 2270 de
1043 2232 1136 2272 Pall.

327 2283 455 2323 cerda.
712 2323 714 2325 .

385 2341 482 2395 283.
508 2343 568 2382 Sic
585 2345 763 2397 placitum.
784 2343 803 2395 ]
845 2344 916 2385 Vel
936 2342 1026 2384 fatis
1041 2372 1054 2391 ,
1079 2345 1140 2386 vel

326 2396 438 2437 mihi.
483 2412 575 2439 nam
597 2398 944 2453 impersonale‘est.
976 2406 1134 2442 Servius.

314 2496 317 2498 Α
383 2458 442 2495 Sic
457 2459 677 2512 placitum]
705 2455 957 2499 Vetustissimi
980 2459 1137 2513 quidam

323 2511 476 2553 codices
488 2517 681 2568 ,placitum
692 2515 739 2568 est
753 2543 765 2562 ,
779 2514 924 2555 habent
936 2530 947 2556 ε
961 2528 1039 2570 quae
1053 2528 1139 2569 pars

325 2569 428 2609 mihi
462 2571 612 2612 videtur
649 2570 672 2614 ὲ
696 2571 937 2624 Paraphraste
960 2573 1136 2621 adiesta:

327 2627 429 2666 Nam
442 2626 583 2684 absque
595 2628 829 2670 substantivo
843 2627 963 2670 verbo
975 2628 1037 2668 hic
1051 2642 1139 2669 ora-

324 2681 386 2721 tio
407 2686 578 2734 omnino
601 2689 755 2740 gravior
780 2684 1022 2740 &augustior
1040 2699 1139 2742 quo-

261 2780 268 2785 .
324 2738 713 2785 dammodovidetur.
746 2745 897 2785 Pierius.

390 2798 537 2853 lustris.
555 2802 570 2846 1
615 2795 920 2858 Qinquenniis.
962 2803 1013 2839 Et
1035 2798 1139 2840 bene

325 2853 623 2909 olympiadibus
634 2868 830 2913 computat
840 2856 1139 2911 tempora3quod

325 2913 451 2966 magis
475 2914 522 2952 ad
548 2919 689 2970 Jovem
714 2916 911 2968 pertine13
938 2915 1137 2968 quianon-

324 2965 422 3008 dum
448 2983 558 3011 erant
583 2971 642 3013 vel
668 2978 822 3018 Roma,
860 2974 922 3014 vel
944 2968 1132 3011 consules.

324 3024 482 3078 lustrum
494 3040 622 3069 autem
636 3030 798 3076 distum,
810 3028 915 3085 quod
926 3027 1008 3082 post
1023 3029 1139 3081 quin-·

325 3085 542 3134 quennium
574 3101 805 3142 unaquaeque
839 3086 973 3126 civitas
1008 3086 1139 3125 lustra-

325 3135 461 3198 batur„
474 3145 590 3195 Unde
604 3150 739 3188 Romae
751 3143 991 3199 ambilufhum
1003 3170 1022 3196 ,
1035 3142 1140 3200 quod

1185 576 1495 631 quinquennium
1510 578 1663 620 lustrate
1675 578 2004 622 civitatemstrv.

1241 633 1405 688 hasirim]
1436 637 1527 675 Non
1551 636 1723 691 quinque
1745 648 1872 676 annos
1894 636 2002 677 inte-

1185 700 1275 740 gros
1297 692 1568 744 complectitur
1598 688 1756 732 luffrum
1770 721 1782 739 ,
1825 690 1889 734 sed
1911 706 2006 748 qua-

1183 744 1406 787 driennium
1430 760 1545 789 notat
1566 750 1738 789 exaaum
1766 751 1806 789 δι
1820 751 2003 805 quintum

1183 813 1331 843 annum
1345 800 1587 856 auspicatum.
1603 806 1712 846 Idem
1727 808 1903 847 continet
1915 804 2002 861 spa-

1183 858 1283 898 tium
1296 860 1399 914 quod
1416 865 1635 904 Graecorum
1659 864 1863 916 Olympias
1876 866 2002 906 Solin.

1184 927 1214 954 c.
1237 932 1269 959 2.
1291 915 1526 971 perspicuum
1541 917 1612 960 hoc
1624 932 1669 959 ex
1681 921 1811 960 Plinio
1822 921 1999 974 l.2.c.47.

1187 976 1347 1015 Omnium
1360 976 1505 1029 quidem
1519 976 1564 1029 (fi
1576 979 1687 1017 libeat
1700 979 1878 1031 observare
1891 980 2001 1018 mini-
2023 997 2026 1001 ⁴

1185 1046 1256 1070 mos
1280 1032 1449 1088 ambitus)
1487 1033 1603 1073 redire
1625 1034 1765 1087 eafilem
1789 1037 1887 1075 vices
1910 1050 2003 1090 qua·-

1185 1087 1344 1128 driennio
1357 1090 1482 1129 exaHo
1494 1090 1660 1131 Eudoxus
1666 1102 1774 1145 putat
1785 1119 1798 1138 ,
1823 1108 1891 1131 non
1913 1108 2003 1132 ven-

1182 1155 1296 1185 torum
1307 1146 1417 1193 modb,
1436 1149 1561 1187 veram
1577 1155 1629 1192 (φ
1642 1150 1857 1202 reliquarum
1869 1159 2004 1204 tempe-

1177 1200 1312 1254 statum
1323 1220 1450 1260 magna
1460 1216 1630 1261 exparte.
1673 1209 1718 1244 Et
1739 1204 1785 1255 est
1792 1207 2006 1261 principium

1142 1289 1145 1290 γ
1184 1258 1284 1313 lustri
1307 1266 1383 1314 ejus
1396 1262 1535 1316 ftmper
1557 1265 1768 1302 intercalari
1788 1279 1878 1302 anno
1893 1264 2005 1302 Cani-

1187 1319 1268 1354 culae
1303 1329 1391 1357 ortu.
1440 1317 1601 1357 illustrat
1634 1317 1733 1357 hanc
1768 1315 2002 1361 sententiam

1188 1373 1427 1414 Censorinus
1451 1375 1499 1414 de
1523 1375 1593 1435 die,
1612 1378 1703 1416 Nat.
1717 1388 1798 1429 cap.
1819 1377 1886 1417 18.
1912 1376 2003 1418 vide

1183 1431 1302 1469 etiam
1321 1431 1454 1485 scalig.
1468 1431 1517 1471 de
1527 1431 1723 1472 emendat.
1735 1443 1852 1486 temp.
1867 1432 1934 1472 lib.
1961 1447 1999 1487 ς.

1188 1498 1260 1525 nec
1296 1486 1422 1527 obstat
1456 1488 1559 1542 quod
1595 1487 1723 1528 Festus
1745 1492 2005 1545 quinquennale

1186 1554 1319 1598 tempus
1341 1546 1514 1598 appellet.
1560 1549 1701 1585 Annus
1729 1545 1903 1598 inceptus
1928 1560 2004 1599 pro

1185 1602 1383 1654 completo
1396 1615 1479 1642 non
1492 1615 1578 1641 raro
1591 1599 1764 1643 sumitur.
1797 1603 1928 1643 Poetis
1940 1615 2000 1643 ta-

1189 1669 1281 1697 men
1304 1659 1614 1713 quinquennium
1636 1659 1845 1713 aliquando
1859 1657 2004 1714 fignifi-

1186 1727 1270 1755 care
1282 1729 1402 1755 nemo
1413 1715 1489 1756 ibit
1498 1715 1663 1756 inficias.
1694 1716 1813 1773 Qod
1825 1729 1869 1757 ex
1878 1717 2001 1758 ovid.

1219 1777 1265 1813 In
1293 1774 1440 1827 Scythia
1464 1774 1560 1815 nobis
1572 1775 1805 1830 quinquennis
1819 1775 2013 1832 olympias

1326 1831 1426 1881 aava,
1438 1837 1522 1876 &a
1615 1879 1620 1880 ⁷

1185 1885 1246 1926 Sic
1257 1883 1443 1927 obsessam
1455 1884 1567 1928 fuisse
1583 1899 1648 1941 per
1659 1886 1725 1926 duo
1736 1885 1858 1941 lustra,
1876 1886 1914 1927 id
1926 1886 2003 1938 est,

1182 1942 1413 1985 decennium
1424 1946 1602 1999 Trojam.
1610 1946 1651 1986 &
1664 1942 1800 1985 fimilia
1811 1941 2001 1986 sexcenta.

1184 2003 1393 2057 Emmeneffi
1560 2018 1563 2021 ’

1239 2060 1379 2111 AEcas.]
1409 2063 1523 2115 Juxta
1544 2069 1692 2099 veteres
1714 2069 1829 2110 acm,
1855 2057 1917 2098 hic
1930 2069 2003 2112 pro

1185 2124 1361 2169 tempore
1373 2115 1492 2170 posita
1503 2115 1555 2155 est
1572 2135 1583 2164 ς
1603 2114 1699 2155 alibi
1710 2127 1781 2168 pro
1795 2115 1917 2156 modo
1928 2129 2003 2156 an-

1185 2184 1325 2213 norum
1337 2185 1353 2219 3
1383 2185 1425 2214 ut
1438 2202 1450 2220 ‚
1464 2173 1527 2228 list
1540 2201 1551 2220 ,
1567 2174 1625 2213 ubi
1632 2177 1713 2227 jam
1716 2172 1869 2222 firmata
1883 2175 2003 2213 virum

1184 2233 1355 2279 refecerit
1365 2230 1462 2276 etta(
1468 2249 1478 2278 ;
1493 2232 1533 2270 &
1544 2236 1650 2272 AEtas
1659 2231 1826 2271 Lucinam
1832 2229 2006 2287 justosque

1177 2289 1259 2341 pati
1270 2287 1473 2340 hymenaeos.
1512 2286 1677 2327 Servius,

1242 2343 1335 2396 284.
1366 2349 1500 2384 Domus
1511 2341 1726 2399 Affizr‘aci]
1755 2342 1917 2389 Troiani
1934 2370 1946 2389 ,
1960 2341 2003 2384 id

1185 2397 1253 2448 est,
1266 2399 1416 2441 familia
1426 2401 1612 2448 Troiana.
1649 2400 1688 2439 id
1702 2398 1773 2449 est,
1784 2397 1805 2438 a
1817 2410 1925 2453 parte
1938 2410 2005 2440 to-

1185 2467 1283 2497 tum.
1339 2461 1441 2499 Nam
1464 2454 1660 2498 Affaracus
1683 2461 1822 2510 Capyn
1847 2457 2004 2510 genuit,
2032 2460 2033 2463 ’

1187 2518 1316 2569 Capys
1341 2512 1550 2554 Anchisem
1567 2528 1576 2553 :
1603 2513 1704 2563 unde
1718 2517 1856 2554 AEneas
1868 2515 2003 2554 auster

1185 2572 1547 2625 Romanigeneris:
1571 2584 1614 2610 ex
1637 2569 1773 2625 quibus
1786 2571 2005 2613 Mummius

1183 2629 1248 2684 qui
1261 2628 1450 2679 Achaiam
1464 2628 1566 2668 vicit.
1613 2628 1728 2668 Idem.

1240 2691 1328 2725 Cum
1339 2684 1460 2724 domus
1470 2685 1689 2740 Affarac‘i]
1719 2688 1917 2725 Extremus
1931 2695 2002 2725 cu-

1186 2742 1311 2782 mulus
1322 2741 1461 2782 laetitiae
1473 2767 1486 2789 ,
1517 2752 1560 2781 ut
1571 2742 1637 2796 qui
1650 2741 1696 2781 ad
1710 2752 1862 2795 tempus
1876 2741 2000 2783 visto·
2019 2768 2022 2771 -

1186 2811 1245 2837 res
1257 2809 1368 2839 erant
1380 2826 1395 2847 ,
1406 2799 1457 2838 iis
1473 2811 1591 2853 ‚quos
1603 2799 1775 2838 vicerant
1789 2826 1801 2845 ‚
1825 2795 2004 2840 servituri

1182 2854 1327 2897 eflent:
1343 2856 1445 2911 quod
1457 2857 1539 2909 plus
1550 2854 1739 2911 est‚quam
1753 2860 2004 2895 Antenorem

1186 2913 1289 2952 inter
1315 2915 1480 2954 vistores
1503 2914 1668 2966 populos
1691 2909 1924 2952 consedisse:
1955 2913 1999 2954 &
2019 2906 2031 2921 ⁴

1185 2983 1251 3023 per
1290 2970 1442 3009 medios
1478 2969 1650 3011 Achivos
1673 2966 1890 3022 prolapsum
1913 2965 2005 3009 effiz.

1184 3033 1323 3068 Verum
1346 3028 1435 3083 quia
1459 3026 1536 3065 haec
1560 3028 1604 3066 in
1630 3027 1823 3066 honorem
1847 3022 2008 3065 Caesaris

1182 3081 1374 3124 scribebat
1387 3112 1398 3131 ‚
1411 3084 1558 3136 aperuit
1568 3114 1581 3130 ,
1607 3083 1711 3139 quod
1724 3084 1765 3123 in
1779 3082 2002 3135 posteriori-

1188 3140 1258 3184 bus
1268 3138 1395 3185 fuiss'et
1406 3137 1612 3196 scripturus
1625 3169 1637 3191 ,
1664 3139 1737 3182 nifi
1749 3153 1854 3183 mors
1866 3151 2005 3236 prflye·

1868 3210 1910 3238 ni
1943 3205 2001 3238 et.
