2037 3787
280 143 396 221 '418
776 141 845 197 Ρ.
899 139 957 197 V
1005 152 1029 192 1
1077 153 1117 194 R

1159 149 1491 194 GILII

418 245 578 318 Janua
595 279 611 305 ,
647 245 701 298 δε
719 237 886 295 emoti
899 235 1247 317 procumbunt
1264 236 1470 295 cardine
1488 235 1681 317 postes}

418 326 499 381 Fit
517 324 596 379 via
615 324 692 378 vi:
725 337 973 399 rumpunt
989 319 1152 378 aditus
1170 359 1186 385 ‚
1222 318 1518 399 primosque
1535 316 1789 380 trucidant

292 426 408 483 495
428 403 626 461 Inmiffi
644 404 816 460 Danai
829 402 864 467 ,⁷
883 410 937 461 &
956 405 1057 460 late
1073 403 1190 460 loca
1207 404 1368 460 milite
1387 405 1654 482 conplent.

423 490 559 543 Non
575 486 639 544 fic
653 526 670 552 ‚
705 485 976 567 aggeribus
995 485 1152 563 ruptis
1167 506 1284 542 cum
1302 483 1539 564 spumeus
1558 487 1741 545 amnis·

418 569 562 627 Exiit
578 609 594 635 ‚
627 566 988 648 oppofitasque
1006 569 1162 626 evicit

1180 585 1382 649 gurglte
1401 570 1568 626 moles
1586 607 1603 633 ‚

421 655 602 709 Fertur
619 651 669 708 in
688 672 806 709 arva
817 647 992 709 furens
1011 652 1222 708 cumulo
1238 690 1255 716 ,
1292 649 1604 730 camposque
1622 671 1714 730 per
1729 647 1904 709 omnis

423 738 568 792 Cum
586 732 788 792 stabulis
807 751 1038 792 armenta
1051 732 1219 793 trahit.
1262 733 1364 791 vidi
1377 731 1484 811 ipse
1500 732 1757 793 furentem

304 837 417 895 500
436 816 600 875 Caede
616 818 1043 896 Neoptolemum
1062 855 1079 883 ,
1113 812 1450 897 geminosque
1465 817 1517 873 in
1533 816 1713 874 limine
1730 812 1937 874 Atridas
1958 837 1972 872 t

424 899 553 963 Vidi
568 900 1186 979 Hecubam,centumque
1202 900 1748 979 nuru32Priamumque
1765 918 1856 978 per
1874 918 1979 954 aras

355 1135 454 1178 493.
489 1122 684 1175 cardina]
716 1122 930 1164 Acardine.
961 1129 1064 1164 Serv.

1849 984 1976 1038 San-

1163 1118 1359 1167 crescunt‚
1388 1120 1486 1161 exire
1510 1120 1689 1162 dicuntur
1697 1148 1712 1169 ,
1742 1130 1812 1169 ut,
1829 1123 1981 1174 Praefi’r*

350 1184 466 1219 Emoti
471 1182 697 1234 procumbunt
709 1180 855 1220 cardine
861 1179 1114 1234 postes.]Non.
1166 1181 1234 1218 tim
1260 1180 1406 1218 incertis
1423 1177 1456 1229 fi
1484 1180 1653 1231 menfibus
1665 1179 1779 1218 amnis
1792 1179 1979 1219 abundans

303 1238 506 1278 Marcellus
520 1249 627 1277 emoto
639 1234 824 1291 agnoscit.
854 1236 936 1277 Ubi
949 1236 1022 1276 hoc
1035 1248 1116 1276 ver·
1167 1238 1267 1276 Exit.
1304 1234 1426 1275 Idem.

299 1291 341 1334 su
354 1292 447 1333 teste
459 1295 661 1347 Virgilium
675 1293 869 1334 Cardinem
879 1295 981 1334 virili
993 1306 1115 1347 gene-

299 1364 344 1390 re
367 1350 562 1404 protulffse
575 1351 669 1390 dicit
684 1364 693 1389 ε
725 1352 838 1391 Nulla
850 1352 960 1390 enim
971 1352 1044 1390 alia
1058 1350 1117 1389 di-

305 1408 386 1448 &cio
411 1409 464 1448 est
478 1437 492 1457 ,
515 1422 559 1448 ex
583 1421 655 1462 qua
667 1422 786 1461 genus
798 1420 976 1461 apparere
991 1406 1112 1461 poffit.

306 1468 408 1505 Nam
435 1478 479 1505 ex
504 1466 695 1506 veteribus
719 1462 806 1504 sunt
820 1493 834 1513 ‚
865 1464 1034 1519 quibam
1044 1480 1119 1505 car-

302 1522 425 1562 dinem
437 1522 615 1562 dixerint.
652 1522 814 1563 utillud
829 1549 842 1569 ,
855 1529 960 1563 Sonat
973 1525 1121 1579 impulsa

304 1582 418 1636 Regia
428 1580 547 1620 cardo.
575 1580 734 1620 Pierius

364 1650 458 1690 494.
491 1641 550 1677 Fit
577 1640 643 1676 via
669 1637 746 1689 1ψεῖ]
778 1640 837 1676 Ita
847 1634 980 1677 'Livius
991 1633 1067 1675 lib.
1083 1649 1118 1687 4.

308 1698 529 1749 Qacunque
552 1693 716 1734 incedunt
737 1722 752 1743 ‚
777 1697 822 1734 vi
846 1697 949 1734 viam
961 1696 1122 1745 faciunt.
1140 1701 1143 1702 ’

305 1749 599 1791 Taubmannus.

358 1809 592 1863 Primosque]
617 1805 731 1862 Qlos
755 1806 851 1847 dixit
871 1804 1013 1847 sttistis
1038 1818 1124 1846 rnu-

307 1864 504 1905 cronibus.
537 1868 694 1905 Servius.

365 1922 461 1975 496.
491 1928 570 1963 Non
579 1922 649 1974 fic,
666 1922 846 1978 aggeribus
857 1919 1008 1976 ruptis]
1037 1920 1126 1961 Vult

307 1977 510 2019 ostendere
532 1979 684 2031 gravius
720 1978 905 2018 vastatam
939 1976 1122 2025 Troiam,

309 2049 424 2090 quam
437 2037 516 2089 agri
528 2037 733 2076 fluviorum
746 2036 951 2087 emptione
976 2032 1124 2075 vastan-

309 2103 385 2133 tur.
416 2097 466 2132 Et
477 2089 673 2134 sciendum
685 2093 997 2145 comparationes
1012 2117 1028 2137 ‚
1057 2101 1123 2131 aut

307 2162 417 2204 pares
440 2147 539 2196 effe,
570 2161 634 2191 aut
659 2148 859 2196 minores,
889 2159 954 2188 aut
967 2146 1123 2199 ssmiles3

308 2217 350 2247 at
362 2219 497 2247 contra
509 2208 553 2247 in
564 2206 815 2247 similitudine
829 2216 987 2260 negatur
1009 2218 1122 2244 com-

308 2266 459 2318 paratio
471 2265 573 2305 ultro
591 2293 603 2312 ,
628 2275 670 2304 ut
686 2263 859 2303 hocloco
872 2263 930 2302 vel
943 2262 1027 2302 illo:
1042 2270 1123 2306 Non

303 2334 384 2362 'tam
391 2324 593 2378 praecipites
605 2349 621 2370 ,
642 2323 757 2376 bijugo
767 2321 955 2361 certamine
966 2334 1124 2375 campum

312 2382 533 2435 Corripuere.
561 2379 814 2419 Contrarium
839 2376 894 2416 est
910 2405 922 2424 ,
946 2379 985 2416 Si
1002 2391 1125 2433 parva

308 2438 390 2476 licet
399 2450 594 2491 componere
607 2437 754 2491 magnis.
785 2433 914 2474 Idem.

362 2493 735 2549 Nonsicfiggeribm]
749 2492 971 2532 Fluminum
985 2491 1130 2530 multos

309 2545 605 2591 fecitHomerus
628 2549 940 2603 comparationes
954 2566 966 2588 .-
998 2547 1126 2587 noster

1221 1293 1317 1344 498.
1347 1293 1527 1344 Cumulm]
1559 1297 1783 1345 Augmento
1798 1303 1808 1329 ε
1832 1290 1982 1332 Exube-

1163 1360 1273 1389 rante
1283 1349 1398 1389 fluetu
1413 1375 1425 1394 ‚
1456 1360 1515 1399 ut,
1530 1353 1671 1389 Cumulo
1677 1360 1874 1404 praeruptus
1883 1363 1982 1404 aquae

1169 1422 1277 1446 mom.
1307 1406 1432 1446 Idem.
1599 1455 1601 1459 Ι

1201 1464 1391 1518 499.Vidi
1402 1460 1901 1518 ipsesurentemQUsschffi‘
1914 1463 1985 1516 ipft’

1172 1523 1364 1572 miserrima
1377 1521 1468 1559 vidi.
1500 1526 1549 1561 Et
1563 1519 1624 1559 hic
1637 1521 1720 1559 vidi
1735 1547 1751 1568 ‚
1775 1531 1843 1572 pro
1856 1518 1982 1558 admi-

1171 1579 1324 1617 ratione
1336 1574 1461 1630 posuit
1472 1605 1488 1626 ,
1520 1579 1560 1617 at
1574 1590 1663 1616 veto
1676 1577 1767 1617 Vidi
1779 1577 1977 1623 Hecubam,

1173 1646 1243 1687 pro
1255 1635 1524 1675 admiratione.
1560 1640 1657 1675 Sane
1671 1633 1759 1674 Vzdz·
1783 1635 1853 1687 ips}
1867 1660 1880 1678 ‚
1913 1632 1986 1672 hac

1170 1693 1353 1744 particula
1374 1691 1504 1732 addita
1528 1689 1770 1732 miseriorem
1795 1688 1833 1729 se
1856 1688 1985 1729 osten-

1173 1748 1231 1788 dit
1245 1778 1257 1797 ‚
1287 1750 1393 1797 cujus
1402 1760 1492 1788 ante
1504 1751 1637 1789 oculos
1647 1745 1749 1787 casus
1761 1747 1889 1799 patriae
1899 1743 1986 1788 suo-

1170 1819 1329 1862 rumque
1338 1805 1495 1846 fortuna
1504 1805 1739 1846 constiterat.
1771 1804 1885 1845 Idem.

1233 1876 1321 1914 500.
1354 1865 1577 1918 Geminosque
1589 1865 1627 1903 in
1640 1866 1763 1903 limine
1777 1861 1985 1914 Atridas]

1176 1919 1305 1960 Potest
1318 1918 1507 1970 subaudiri
1512 1924 1688 1972 furentes.
1722 1918 1848 1958 Idem.

1235 1991 1322 2030 501.
1354 1985 1570 2032 centumque
1580 1978 1728 2029 nurum]
1758 1979 1840 2015 Aut
1852 1973 1987 2016 finitus

1155 2077 1158 2079 ,
1173 2032 1227 2074 est
1239 2047 1420 2075 numerus
1433 2047 1502 2087 pro
1516 2034 1678 2074 infinito
1705 2031 1985 2087 wepss'ormcssc.

1173 2097 1256 2132 Aut
1278 2103 1383 2132 certe
1408 2093 1499 2132 ideo
1509 2104 1671 2138 centum,
1697 2090 1784 2146 quia
1797 2088 1983 2129 Barbaro-

1170 2161 1258 2188 rum
1279 2148 1402 2191 fuerat
1425 2161 1509 2189 non
1533 2147 1696 2202 singulas
1731 2145 1891 2193 habere,
1923 2144 1987 2186 sed

1171 2206 1296 2258 plures
1319 2208 1518 2260 conjuges‘
1556 2209 1638 2245 Aut
1650 2204 1742 2245 illud
1754 2203 1850 2244 dicit
1860 2205 1988 2257 plures

1170 2262 1377 2303 foeminas:
1410 2275 1452 2303 ut
1487 2267 1691 2311 Lucanus,
1721 2264 1846 2301 Cultus
1872 2261 1988 2318 gesta-

1170 2336 1207 2360 re
1233 2320 1368 2361 decoros
1407 2323 1485 2361 Wx
1518 2323 1664 2361 nuribus
1688 2334 1832 2375 rapuere
1858 2334 1991 2358 mares.

1175 2381 1260 2417 Hoc
1283 2377 1362 2426 est,
1397 2377 1599 2417 foeminas.
1651 2381 1733 2418 Aut
1761 2388 1880 2415 novas
1920 2387 1991 2415 nu-

1172 2445 1276 2488 ptas,
1316 2446 1358 2475 ut
1380 2436 1502 2475 aetatis
1527 2434 1599 2474 hoc
1622 2430 1772 2473 hornen
1807 2431 1878 2480 fit,
1907 2444 1990 2472 non

1174 2492 1397 2532 adfinitatis.
1434 2497 1514 2531 Aut
1536 2501 1695 2531 centum
1718 2503 1785 2542 per
1805 2502 1912 2528 aras:
1939 2488 1989 2527 li·

1174 2559 1233 2588 cet
1244 2549 1501 2604 incongruum
1514 2546 1558 2588 fit
1571 2577 1582 2595 ,
1597 2549 1684 2602 quia
1699 2545 1865 2600 sequitur
1878 2573 1889 2591 ,
1906 2551 1989 2585 Haec

310 2605 431 2647 semel
459 2619 611 2648 tantum
627 2636 638 2654 ,
663 2608 741 2647 illis
766 2604 952 2646 omnibus
964 2617 1129 2659 antepo-
1177 2623 1241 2646 ara
1253 2610 1420 2647 tuebatur
1430 2622 1562 2646 omnes.-
1594 2607 1634 2645 δε
1648 2618 1744 2645 uuus
1755 2616 1819 2655 per
1832 2614 1990 2642 centum

311 2665 497 2706 nendam.
526 2669 615 2706 Scal.
629 2668 650 2703 l.
663 2679 679 2713 ς
691 2694 698 2702 .
710 2676 764 2716 c.3
775 2695 784 2704 .
816 2662 980 2703 Taubm.

367 2728 447 2763 Non
453 2723 507 2774 sic
522 2751 535 2769 ,
547 2723 727 2778 aggeribus
739 2749 755 2768 ,
768 2720 877 2770 ξφα]
899 2723 1010 2760 Hanc
1021 2732 1129 2759 com·

1180 2675 1262 2703 aras
1273 2663 1398 2703 occidi
1411 2676 1493 2702 non
1506 2672 1666 2715 poterat.
1700 2660 1764 2699 Est
1774 2671 1901 2699 autem
1915 2659 1992 2698 haec

1180 2721 1293 2774 plena
1331 2719 1472 2761 affeetu
1514 2721 1554 2760 ὅτ.
1608 2719 1742 2758 dolore
1795 2717 1994 2770 repetitio.

308 2780 555 2832 'parationem
580 2793 625 2819 ex
639 2782 815 2818 Homero
828 2774 1044 2816 desumtam
1057 2776 1127 2816 do·
1187 2777 1298 2816 Idem.

313 2847 375 2877 cet
388 2835 562 2876 Macrob.
577 2838 604 2876 1.
623 2850 658 2888 5.
674 2840 823 2875 Saturn.
836 2846 866 2872 c.
879 2848 912 2886 5.
944 2838 1058 2872 Emm.

371 2894 576 2946 Spumeus]
602 2893 874 2945 Ptoftmmosits.
909 2890 1071 2929 Servius.

1252 2833 1344 2875 Vidi
1366 2833 1543 2872 Hecubam
1567 2859 1579 2877 ,
1615 2842 1819 2884 centumque
1843 2830 1990 2882 nurus]

1189 2887 1411 2942 Respondet
1422 2888 1469 2927 ad
1483 2888 1522 2927 id
1537 2901 1547 2925 ε
1576 2892 1737 2941 Quaeque
1751 2891 1823 2940 ipse
1835 2889 1994 2939 miftrri-

370 2961 463 3002 497.
494 2951 631 3001 Exiit]
657 2948 1031 2989 Dicimus&exivit.
1064 2943 1136 3000 Sed
1189 2963 1248 2985 ma
1272 2947 1366 2986 vicli.
1396 2946 1482 2985 Fuit
1493 2957 1584 2998 ergo
1597 2945 1704 2984 caedis
1716 2956 1850 2984 eorum
1864 2943 1997 2982 homi-

314 3019 348 3045 ω
371 3004 557 3046 subtrahit
583 3007 762 3059 Virgilius
778 3034 792 3054 ‚
827 3016 869 3045 ut
891 3002 1047 3043 brevem
1073 3002 1130 3041 fa-
1186 3016 1279 3042 num
1294 3001 1483 3055 spestator
1496 3030 1512 3051 ‚
1539 3015 1636 3059 quos
1648 3012 1805 3043 venerat
1817 2997 1996 3041 defensu-

315 3064 391 3101 ciat
415 3060 637 3116 sequentem
662 3063 851 3103 vocalem.
908 3065 956 3100 Et
980 3059 1131 3114 proprie
1181 3073 1258 3101 rus.
1289 3066 1463 3104 Donatus.

316 3122 430 3174 plena
441 3120 599 3162 flumina
613 3149 625 3168 ,
641 3133 729 3163 cum
742 3131 846 3161 extra
855 3118 1005 3160 alveum
1019 3115 1127 3159 suum

1793 3183 1866 3223 502
1877 3199 1886 3208 .
1914 3174 1990 3210 Foe=
