2037 3787
24 516 100 560 pos,
114 502 226 558 neptis
239 520 252 542 .-
285 504 402 559 hospes
416 531 429 550 ‚
453 503 600 560 Invffiita.
637 504 800 543 Servius.

43 561 204 614 Custodia
227 562 380 614 quala]
410 564 500 601 Non
524 560 694 615 expreffit
722 575 798 614 qua:

41 629 97 666 et,
109 630 150 657 ut
163 618 341 672 quicquid
356 630 499 657 tetrum
516 648 526 664 ,
545 619 798 664 horrendum,

11 688 29 714 c
42 674 264 714 detestabile
280 673 371 714 effet
387 704 400 721 ‚
427 688 615 715 contuens
641 677 794 730 collige-

13 742 42 771 ει
56 731 269 771 :estimatio
304 736 405 785 Ergo
420 731 610 785 suppressit
627 731 799 785 speciali-

9 800 122 836 item‚
140 802 187 828 ne
199 787 276 828 sola
290 801 495 842 putaretur,
512 804 591 845 quae
602 789 703 830 forte
731 803 799 844 po-

12 843 123 891 nisset.
155 852 328 885 Donatus.

41 902 238 956 Custodia]
254 905 325 941 Pro
338 900 570 942 custodibus,
587 903 638 942 ita
650 902 800 944 Tibull.

25 974 58 1000 ῐ.
72 962 123 999 el.
138 973 179 1014 9.
195 982 309 1001 ,·--
329 971 472 1014 poterat
493 959 650 1014 custodia
660 961 760 1012 falli.

9 1015 93 1056 dest
110 1015 318 1065 ,custodes
352 1019 497 1057 Taubm.

46 1088 133 1125 575.
168 1074 512 1128 Vestibuloftdeat]
538 1078 742 1128 Megaeram
756 1072 800 1113 fi-

41 1129 154 1170 ificat.
187 1133 345 1170 Servius.

41 1188 204 1240 Sedeas]
235 1193 290 1228 ut
304 1186 478 1227 ostendat
496 1184 747 1227 asliduitatem
762 1189 801 1228 ὅ(

34 1245 324 1285 ntinuationem
337 1244 440 1285 fasti.
474 1251 647 1286 Donatus.

44 1306 131 1353 576.
165 1303 480 1359 Qinquaginta]
506 1305 588 1341 HOC
601 1312 731 1341 autem
744 1301 803 1341 di-

14 1368 55 1402 .t,
70 1361 213 1399 Cernis
228 1359 322 1399 hanc
335 1373 450 1417 quam
465 1357 553 1399 saeva
565 1358 608 1399 sit
629 1364 641 1401 ἓ
674 1359 727 1400 est
741 1360 801 1399 in·

30 1416 145 1456 salia.
177 1420 334 1457 Servius.

42 1476 162 1513 Acris
173 1476 328 1514 inmanis
342 1474 532 1523 hiatibus.]
562 1472 654 1528 Qae
668 1471 721 1512 est
735 1470 801 1512 sae-

15 1529 204 1585 'or,quam
218 1531 347 1586 Hydra
359 1530 445 1571 fuit.
461 1531 578 1572 Multi
588 1527 709 1584 ipsam
723 1535 803 1584 Hy-

28 1599 91 1627 am
108 1593 257 1635 volunt,
273 1588 378 1642 quod
392 1600 473 1628 non
488 1588 675 1641 procedit.
701 1591 802 1628 Nam

31 1656 70 1684 m
96 1645 139 1684 in
164 1644 705 1700 aditulegimusinferorum:
735 1657 797 1692 ut,

13 1701 329 1743 {cltelluaLernaez
355 1715 470 1757 quam
495 1703 562 1742 alii
577 1704 653 1742 tria
666 1702 804 1742 volunt

15 1755 154 1799 abuiffe
167 1761 317 1813 capita:
347 1760 416 1799 alii
431 1772 574 1800 novem
591 1774 601 1798 ε
631 1760 805 1800 Simoni-

36 1828 53 1855 s
65 1817 346 1871 quinquaginta
359 1816 465 1856 dicit.
499 1817 617 1856 Idem.

55 1878 333 1931 ,Quinquaginta
368 1873 500 1925 atris]
543 1878 605 1913 De
640 1871 803 1912 artificio

39 1930 97 1980 ius
110 1929 257 1978 versus,
282 1931 325 1971 in
351 1943 430 1980 quo
460 1927 805 1971 voracitasferitas-

39 2000 60 2026 e
71 1988 207 2042 Hydrae
218 1989 458 2042 exprimitur,
471 1985 714 2028 curiosissime
726 1985 795 2027 dis
787 2010 806 2017 -

17 2055 92 2084 stat
115 2046 267 2085 Barthol.
296 2051 469 2085 Maranta
494 2045 662 2097 V'enusin.
700 2048 804 2084 Nam

17 2107 41 2142 1
56 2103 96 2142 ὃ(
111 2108 144 2143 l.
187 2102 410 2141 alternatim
433 2102 669 2154 replicantur
686 2114 705 2138 a
736 2100 808 2140 ho-

37 2171 153 2214 mque
164 2159 287 2200 lestor
300 2172 366 2212 per
380 2159 480 2198 vices
492 2159 638 2210 aperire
653 2159 694 2197 ὅ(
705 2158 807 2197 clau-

42 2229 81 2256 re
93 2229 138 2256 os
149 2217 319 2270 cogitur,
331 2229 411 2271 quae
425 2215 697 2255 mandentium
711 2213 809 2253 ima·

18 2285 43 2313 o
66 2273 134 2314 est·
175 2277 356 2313 Praeterea
380 2287 424 2313 ex
447 2273 614 2324 repetito
631 2272 808 2312 elemen-

19 2342 36 2371 ι
63 2335 114 2384 Q.
140 2329 300 2371 crassum
326 2330 438 2371 illum
463 2326 666 2384 spiritum,
693 2341 808 2382 quem

39 2386 198 2429 rifimile
221 2387 266 2429 fit
289 2401 333 2429 ex
356 2389 426 2429 tali
453 2386 630 2428 monstro
658 2386 808 2433 efflari,

55 2445 162 2485 endi.
191 2446 365 2502 illudque
380 2473 395 2494 ,
409 2448 487 2502 gint
502 2448 597 2485 atris
614 2473 624 2490 ,
652 2454 809 2496 propter

41 2500 218 2544 ncutsum
242 2501 413 2555 ejusdem
435 2504 555 2543 literae
577 2501 812 2542 morarioris

21 2561 261 2614 ⁸ertionem,
287 2561 393 2616 quod
420 2562 608 2610 maiorem
622 2571 810 2599 terrorem

40 2618 169 2659 cutiat.
216 2618 289 2660 Sed
303 2621 344 2659 &
360 2617 517 2672 Syllabae
531 2619 567 2656 hi
581 2619 621 2657 &
634 2618 678 2671 hy
692 2615 813 2656 avidi-

35 2687 115 2716 tem
143 2677 183 2716 δε
198 2675 345 2717 hiatum
360 2673 645 2729 repraesentant.
686 2674 811 2714 Deni-

47 2745 68 2773 e
81 2746 147 2786 per
157 2736 362 2786 repetitum
376 2741 410 2773 S.
436 2731 701 2785 serpentinum
726 2729 814 2771 fibi-

39 2803 79 2829 m
92 2791 284 2844 aptissime
297 2788 518 2845 expressisse,
534 2792 607 2829 &c.
642 2788 813 2832 Videan-

23 2861 59 2889 ιι·
72 2847 221 2888 ibidem
234 2850 353 2905 longe
367 2850 484 2902 plura.
520 2849 665 2887 Taubm.

51 2906 181 2960 Hydra
191 2907 463 2958 faeviorintus.]
489 2904 647 2946 Plurimi
661 2903 814 2943 intelli-

21 2974 94 3003 unt
105 2962 359 3017 Tifipiionem
375 2991 387 3007 ,
403 2976 482 3018 quae
496 2962 623 3016 Hydra
637 2960 719 3007 ista,
737 2974 816 3016 quae

25 3031 39 3058 i
62 3020 170 3060 aditu
196 3020 313 3074 posita
337 3021 391 3061 est
408 3050 418 3065 ‚
447 3019 577 3059 saevior
600 3018 655 3059 sit.
702 3017 757 3074 (ζ

25 3075 194 3119 lascimb.
219 3076 377 3133 copiose
404 3077 572 3119 refutat:
602 3077 643 3118 δε
668 3074 717 3116 de
739 3089 814 3116 una

376 79 842 136 AEusrnos

7 194 97 255 ),75
117 171 399 231 Vestibulo
415 173 624 232 sedeat?
661 168 814 230 facies
833 191 946 250 quae
962 171 1140 230 limina
1154 171 1318 230 servet
1337 178 1359 230 ?

111 257 501 337 Qinquaginta
519 258 636 313 atris
655 253 875 312 inmanis
893 252 1112 311 hiatibus
1132 254 1318 334 Hydra

110 339 302 395 Saevior
318 340 452 396 intus
470 337 628 396 habet
643 336 839 397 sedem.
880 354 990 394 tum
1010 342 1261 395 Tartarus
1277 336 1385 418 ipse

928 75 976 131 L
1002 94 1021 132 1
1042 95 1090 135 n.
1134 80 1242 138 VI.
1517 101 1657 163 1055

1631 421 1646 437 2

1578 424 1671 481 Bis

846 502 1058 557 eademque
1087 502 1216 558 Hydra
1242 505 1367 557 capit:
1399 517 1480 558 quae
1506 518 1576 559 pro
1606 519 1675 546 ne-

845 558 1012 599 cessitate
1036 559 1106 600 huc
1131 562 1298 616 illucque
1310 561 1506 602 arcessatur
1523 581 1535 602 .·
1564 562 1672 603 ficuti

849 618 889 656 δε
905 618 1033 662 Furiae‚
1059 631 1139 672 qua:
1151 619 1309 670 perinde
1323 616 1408 658 suos
1422 619 1464 658 in
1478 619 1584 659 aditu
1602 624 1673 659 ln-

847 672 1020 713 ferorum
1036 674 1227 713 thalamos
1239 675 1406 714 habeant
1421 687 1435 721 ;
1462 688 1593 717 tamen
1609 676 1672 717 hic

845 731 965 769 ctiam
980 730 1027 770 ad
1041 735 1248 771 Tartarum
1262 733 1512 773 collocamur.
1559 735 1671 774 Alle-

846 789 998 840 goriam
1013 799 1142 827 autem
1156 789 1436 843 quinquaginta
1450 790 1589 830 horum
1607 803 1672 829 ca-

847 845 974 896 pitum
999 846 1139 885 trastat
1174 847 1284 886 Plato
1323 848 1367 886 in
1408 848 1669 902 Euthydemo.

852 906 873 939 I
877 902 972 942 dem.

907 972 996 1011 577.
1031 960 1242 1013 Tartarus]
1263 960 1333 1000 Vel
1358 959 1446 1014 quia
1461 961 1597 1000 omnia
1614 959 1665 1000 il·

846 1015 897 1054 lic
923 1014 1074 1055 turbata
1100 1014 1216 1063 sunt,
1243 1015 1315 1055 Χπό
1333 1015 1575 1071 αἳταρριχὶιςε
1607 1030 1674 1059 aut

847 1073 950 1125 quod
976 1071 1027 1112 est
1054 1074 1218 1120 melius,
1249 1073 1323 1113 Seni
1357 1072 1389 1114 “a“
1416 1073 1670 1128 ταρἼκὸέζων,

849 1130 887 1168 id
913 1129 965 1169 est
979 1158 995 1180 ,
1020 1127 1042 1169 Ξι
1064 1142 1235 1171 tremore
1249 1130 1417 1186 frigoris.
1453 1134 1542 1172 Sole
1561 1134 1672 1174 enim

850 1197 962 1226 caret.
997 1191 1158 1227 Servius.

905 1251 993 1284 Tum
1009 1252 1179 1284 Tartarus
1192 1243 1504 1302 ipft.]Hefi0d.in
1517 1246 1668 1300 Theog-

849 1298 974 1342 ’τέω-ον
986 1301 1089 1355 ἔνερθ’
1107 1301 1182 1344 ὑπὸ
1195 1302 1272 1354 2439,
1287 1304 1367 1343 ὅσον
1382 1302 1512 1354 iecerat
1525 1304 1580 1346 ᾆξ’
1595 1303 1670 1344 Χπδ

854 1357 956 1409 μίκς
968 1390 981 1406 ,
1005 1356 1083 1399 ’ἱσυν
1096 1359 1141 1412 γῖ
1158 1361 1196 1398 τ’
1211 1357 1284 1399 Σσιὸ
1296 1359 1359 1411 7334·
1371 1360 1405 1402 ἒς
1417 1361 1597 1413 τείρταξρν
1611 1362 1670 1402 ἦε-

849 1414 986 1466 ey‘ev'loe.
1015 1421 1064 1456 Et
1088 1416 1129 1456 hi
1154 1416 1280 1457 versus
1306 1429 1389 1458 tam
1417 1419 1538 1457 Graeci
1553 1431 1668 1473 quam

840 1474 979 1520 *Latini
1018 1471 1125 1527 supra
1162 1474 1275 1527 positi
1314 1472 1415 1515 sunt.
1459 1479 1512 1515 Ut
1538 1487 1669 1517 autem

851 1532 972 1571 Graeci
998 1530 1172 1586 ’τάρταρον
1188 1533 1228 1572 &
1245 1530 1418 1586 nvipwgoe
1432 1531 1567 1573 dicunt
1581 1562 1592 1580 ‚
1619 1532 1670 1573 fic

851 1589 891 1628 &
916 1588 1051 1629 Latini
1074 1589 1210 1629 eadem
1239 1587 1342 1630 sexus
1353 1589 1572 1630 mutatione
1586 1618 1600 1638 ,
1627 1592 1670 1631 &

850 1642 916 1685 usu
936 1646 1040 1686 vocis
1051 1645 1233 1688 delestati
1246 1644 1332 1688 sunt
1344 1675 1357 1694 ‚
1387 1659 1502 1702 quam
1519 1649 1673 1688 Servius

852 1701 924 1741 >1716
939 1705 1120 1759 ταραχῆς,
1139 1706 1198 1745 vel
1211 1703 1244 1744 ‘fi‘
1256 1703 1487 1758 ταρταρίζειν
1503 1704 1676 1745 deducit.
1717 1711 1724 1715 '

853 1765 1044 1801 Tartarum
1067 1775 1159 1802 vero
1172 1761 1292 1802 etiam
1307 1762 1435 1816 poenis
1452 1763 1676 1803 exercendis

849 1817 978 1857 locum
992 1817 1232 1872 deputatum,
1249 1820 1484 1859 memoravit
1498 1822 1672 1868 P·lat0,&

852 1874 894 1913 in
907 1874 1097 1916 Phaedone
1111 1889 1293 1931 aquarum
1306 1876 1540 1929 principium
1556 1905 1567 1922 ‚
1581 1875 1676 1916 fon·

851 1943 932 1969 tem
946 1959 960 1978 ,
982 1934 1022 1971 ὅ(
1035 1934 1354 1985 conceptaculum
1369 1930 1441 1972 efle
1458 1964 1471 1981 ,
1502 1931 1678 1989 ipsasque

852 2000 1034 2028 evomere
1048 1991 1088 2029 δε
1102 1987 1299 2030 resorbere
1312 1989 1455 2037 statuit,
1477 1988 1679 2046 ipsumque

853 2058 923 2084 nec
946 2044 1250 2088 fundamentum
1283 2046 1425 2087 habere
1450 2061 1520 2087 nec
1544 2048 1676 2088 firma-

854 2113 1049 2148 mentum,
1063 2100 1124 2142 sed
1138 2102 1285 2156 semper
1298 2105 1397 2143 circa
1411 2105 1586 2144 medium
1599 2103 1676 2159 spi-

855 2170 913 2196 ras
937 2171 1074 2211 agere,
1100 2172 1212 2213 arque
1237 2173 1390 2200 motum
1403 2159 1546 2202 sursum
1560 2162 1680 2203 deor—

853 2211 1010 2270 sumque
1034 2217 1077 2256 in
1103 2218 1278 2256 amnium
1306 2218 1411 2257 rivos
1428 2219 1676 2261 exundare&

854 2271 1036 2312 influere:
1067 2286 1182 2329 aquas
1207 2275 1305 2314 item
1328 2277 1542 2315 nonnullas
1567 2285 1678 2317 exeo

856 2327 1045 2385 plerisque
1068 2330 1109 2371 in
1123 2331 1219 2371 locis
1234 2331 1405 2387 stagnare
1422 2360 1434 2377 ,
1459 2330 1677 2382 cujusmodi

856 2385 901 2426 fit
916 2400 1043 2428 mare:
1061 2401 1202 2429 omnes
1213 2401 1344 2430 autem
1358 2389 1405 2429 ad
1421 2391 1677 2443 principium,

858 2444 960 2484 unde
972 2445 1088 2485 fluere
1100 2449 1292 2498 coeperint
1303 2475 1315 2494 ‚
1330 2448 1375 2487 in
1388 2445 1527 2487 orbem
1541 2447 1674 2488 relabi.

860 2506 955 2541 Eam
979 2513 1112 2542 tamen
1138 2504 1313 2544 Platonis
1347 2503 1580 2544 sententiam
1617 2506 1680 2547 his

862 2559 1194 2613 opportunissimis
1217 2561 1454 2615 argumentie
1479 2561 1680 2604 Aristotel.

859 2616 928 2655 lib.
947 2621 1112 2658 Mereor.
1130 2633 1165 2658 2.
1180 2618 1337 2659 refellit:
1358 2616 1558 2670 Συμζαίνᾴ
1572 2619 1596 2671 ’5
1611 2619 1684 2663 ‘rac

863 2673 1039 2726 ποἿαμές
1065 2674 1135 2730 ῥεῖν
1150 2706 1159 2721 ,
1194 2677 1266 2716 &c.
1327 2677 1516 2716 Decernit
1550 2689 1682 2719 autem

861 2730 966 2771 idem
992 2731 1151 2772 Aristot.
1177 2746 1280 2788 aquae
1306 2733 1461 2788 quidem
1475 2747 1582 2776 mare
1593 2749 1686 2789 pro-

864 2789 989 2842 prium
1004 2792 1134 2830 locum
1154 2819 1165 2837 ,
1193 2804 1274 2831 non
1287 2791 1521 2844 principium
1535 2803 1685 2840 tamen,

865 2859 906 2886 ut
931 2860 1009 2901 qux
1029 2859 1131 2888 extra
1158 2861 1261 2888 mare
1288 2860 1491 2903 generetur
1506 2877 1519 2896 ‚
1551 2852 1593 2890 &
1608 2849 1690 2891 sur-

865 2902 946 2944 sum
960 2904 1000 2943 in
1015 2908 1118 2952 aere,
1133 2907 1172 2946 ὅ(
1187 2907 1287 2946 intra
1305 2918 1446 2957 terram
1463 2903 1601 2959 ipsam,
1617 2909 1689 2951 flu-

865 2974 989 3016 xuque
1012 2975 1097 3003 orta
1123 2963 1166 3003 in
1191 2976 1325 3012 mare,
1358 2965 1690 3018 utopportuniffi-

866 3032 975 3059 mum
990 3032 1202 3077 receptum,
1219 3020 1417 3078 finemque
1430 3020 1584 3064 feratur.
1602 3032 1695 3066 Ger-

869 3093 1008 3120 mdnlss'·

1522 3138 1612 3194 578.
1639 3140 1700 3180 Eis
