2037 3787
574 151 1047 211 'AEerrnos

1133 149 1182 207 L
1202 166 1226 206 1
1243 168 1294 226 Β,
1336 148 1386 208 Ῑ.’
1719 150 1806 225 69

236 257 514 339 Inliditque
531 258 674 319 vadis
689 299 707 327 ‚
745 275 897 337 atque
914 277 1104 340 aggere
1122 256 1283 338 cingit
1305 275 1491 315 arenae.

234 346 412 402 Unam
430 380 448 408 ‚
483 362 596 422 quae
611 342 803 422 Lycios
823 338 1092 421 fidumque
1110 338 1334 401 vehebat
1355 339 1627 401 Oronten,

232 423 395 506 Ipfius
412 442 532 485 ante
548 428 732 484 oculos
747 425 931 506 ingens
949 425 978 485 ἒι
997 423 1190 485 vertice
1208 438 1402 504 pontus

1735 503 1801 558 In

109 640 226 685 docet
240 640 450 685 Priscianus
464 671 477 691 ,
501 641 592 685 sicut
617 643 657 685 ὃ(
671 643 813 700 Alpis,
836 653 926 698 pro·
981 641 1012 682 ti
1037 641 1084 683 fic
1107 644 1266 698 legunte
1293 640 1491 698 Inlidieque
1504 638 1615 681 vadis
1628 650 1731 702 atquq
1743 653 1808 694 ag-

110 703 241 754 'Pterea
266 702 370 757 quod
388 706 515 741 Graece
541 702 730 742 declinata
756 717 787 741 ει
814 701 931 754 diphs
976 709 1061 756 ge¹re
1086 703 1196 755 cingit
1207 701 1357 739 harenae.
1393 704 1441 739 Et
1452 705 1601 750 Syrtes,
1629 700 1800 760 §yrtium

112 757 308 813 thongum
334 758 529 798 habeant:
561 761 643 808 eius
669 770 758 797 vero
784 755 924 799 sonum

113 815 212 868 apud
225 817 388 856 Latinos
400 814 472 856 esse
485 829 550 868 pet
563 821 576 857 i
588 818 764 869 longum.
800 815 864 854 Est
884 816 924 854 δε

112 872 216 912 velii
229 874 356 928 Longi
379 870 599 923 sententia,
628 884 671 913 ut
684 874 799 925 Syrtis
821 885 888 926 pet
911 873 926 910 i

111 925 296 970 scribatur
307 932 426 970 citato
440 927 548 971 versu
565 957 582 979 ‚
606 935 651 970 Et
672 929 794 983 vastas
807 930 925 984 aperit

93 988 181 1041 [yrt
187 987 227 1027 is.
236 986 372 1027 Nostra
383 995 510 1027 autern
524 997 633 1027 aetate
642 986 805 1026 litterati
818 997 920 1039 pene

109 1043 181 1083 orn
187 1056 255 1084 nes
266 1043 727 1098 diphthongumGraecam
740 1055 927 1096 recepere:

110 1111 227 1155 atque
238 1101 293 1141 ita
306 1102 493 1142 distionis
516 1101 626 1151 hujus
648 1096 776 1139 casum
788 1101 927 1156 Sys-teis

109 1167 179 1210 per
190 1160 224 1197 ei
236 1187 248 1205 ,
263 1170 304 1199 ut
317 1159 495 1214 pleraque
505 1158 580 1198 alia
590 1154 926 1211 scriptitantzquod

111 1215 158 1255 in
179 1214 376 1256 codicibus
399 1215 569 1270 antiquis
596 1215 760 1254 inventu
785 1212 924 1253 rariffi-

109 1284 236 1313 mum:
247 1272 425 1327 quodque
437 1270 704 1326 supervacuum
716 1268 808 1320 effe,
820 1271 925 1326 quod

111 1332 129 1369 i
160 1339 240 1368 tam
263 1330 387 1383 longa:
405 1357 422 1378 ‚
443 1341 559 1385 quam
585 1327 713 1369 brevis
745 1341 924 1368 naturam

109 1383 257 1434 habet,
281 1396 366 1426 tum
393 1385 693 1427 incommodum
715 1385 926 1441 aliquando

107 1441 252 1494 judicat
263 1442 547 1499 Qintilianus.
581 1442 652 1483 Sed
666 1443 713 1482 de
724 1441 797 1483 hoc
807 1456 927 1498 gene-

110 1511 153 1540 te
165 1500 270 1553 plura
283 1498 377 1540 alibi
389 1502 609 1541 recitantur.
644 1503 735 1541 Pier.

169 1559 342 1609 Eretum]
379 1558 573 1598 Dicuntur
600 1561 750 1610 Syrtes,
774 1555 924 1597 Latinis
992 1574 1003 1583 ι

113 1616 242 1654 Brevia
254 1642 266 1660 ,
294 1624 338 1654 ut
351 1615 490 1654 Graecis
505 1613 664 1666 βρριχέα
676 1643 690 1662 ,
718 1611 856 1654 vadosa
871 1615 927 1654 vi-

115 1670 256 1712 delicet
268 1699 280 1716 ,
297 1672 337 1711 ὅ(
349 1670 508 1712 arenosa
518 1673 616 1712 loca.
647 1683 803 1724 oportet
814 1670 924 1711 enirn

110 1726 174 1767 :ibi
185 1726 336 1768 brevius
349 1726 394 1768 lit
406 1731 447 1769 &
461 1728 698 1770 contractius
710 1741 816 1768 mare
832 1757 844 1776 ,
856 1727 925 1768 ubi

110 1781 204 1833 sunt
214 1785 394 1840 ingentes
421 1787 566 1827 cumuli
583 1799 809 1826 arenarum:
845 1799 928 1825 non

111 1841 235 1884 latum
250 1870 263 1888 ,
276 1843 317 1882 &
329 1841 552 1897 spaciosum.
587 1849 678 1883 Duae
689 1841 834 1883 suntin
845 1841 928 1883 finu

115 1897 256 1940 Africo
268 1903 392 1954 Syrtes
405 1928 417 1946 ,
433 1899 659 1952 &iffae-Zau
672 1929 688 1949 ,
711 1900 768 1950 »35
782 1899 928 1952 μικρρὶ,

114 1959 252 2012 Zetzes
262 1956 306 1996 in
332 1956 432 2000 Caffi
457 1958 705 2012 Lycophron.
739 1960 930 1998 Dicuntur

117 2012 192 2052 ὶῖνιό
205 2013 238 2053 3?
250 2011 344 2067 ου’ρω
359 2042 375 2062 ,
393 2015 505 2055 traho.
534 2027 655 2055 vento
666 2014 830 2055 enimin
845 2027 929 2056 ma-

114 2081 159 2110 te
171 2082 285 2111 arena
297 2071 461 2124 trahitur
488 2074 727 2127 cogiturque.
758 2076 928 2125 Pompo-

115 2127 206 2167 nius
229 2127 390 2168 Sabinus
416 2131 577 2169 Poeram
593 2131 730 2182 accipit
743 2129 791 2169 de
806 2131 930 2179 majo-

114 2196 159 2224 re
171 2212 184 2231 ,
214 2197 307 2224 nam
321 2184 395 2225 haec
405 2187 583 2239 proxima
595 2186 836 2240 Carthagini.
869 2186 931 2227 Vi-

115 2239 166 2280 de
191 2241 248 2281 uti
273 2242 468 2283 Modicius
481 2255 562 2297 cap.
581 2257 643 2284 12.
657 2242 838 2284 defendat
851 2245 935 2286 Vir-

116 2297 257 2351 gilium
280 2295 305 2337 Ξι
330 2301 613 2340 nonnullorum
641 2301 844 2341 calumnia.
876 2302 934 2342 uti

118 2352 314 2413 canamus
325 2353 513 2397 describat
525 2361 651 2412 Syrtes
665 2385 677 2404 ,
694 2356 737 2398 in
752 2370 935 2412 promptu

114 2409 184 2450 est.
217 2411 346 2452 cerda.

182 2473 225 2506 In
238 2464 400 2520 brevia]
430 2467 523 2525 Qae
545 2468 680 2508 Latini
707 2470 833 2510 brevia
860 2481 934 2509 no-

118 2524 299 2572 minant,
325 2523 463 2566 vadosa
486 2525 658 2580 quaedam
682 2527 725 2566 in
739 2526 836 2566 mari
856 2523 936 2579 spa-

37 2627 41 2630 *
118 2581 174 2621 tia
185 2609 198 2628 ,
223 2595 267 2622 ea
296 2585 424 2623 Gtaece
445 2582 625 2636 βεαχεῖαι.
655 2584 809 2624 Coelius
852 2583 879 2623 l.
892 2597 932 2635 4.

124 2650 161 2678 c.
179 2651 242 2691 15.
267 2646 418 2680 Pontan.

984 757 1084 797 finus
1108 756 1186 795 duo
1210 753 1298 795 sunt
1322 768 1429 808 pares
1443 766 1581 794 natura
1597 781 1612 802 ‚
1636 765 1805 805 impares

983 812 1280 866 magnitudine,
1308 824 1350 853 ut
1378 811 1572 853 Sallustius
1583 809 1691 850 dicit.
1724 816 1808 851 Ser-

982 875 1075 911 vius.

1040 939 1133 978 113.
1164 925 1325 981 Lycios]
1353 924 1404 964 Hi
1416 926 1546 975 Trojae
1558 924 1604 964 ad
1620 922 1804 964 auxilium

979 990 1183 1030 venerant,
1195 983 1258 1037 qui
1274 1009 1289 1030 ,
1307 992 1466 1022 mortuo
1490 995 1579 1036 rege
1605 979 1800 1027 Pandaro,

978 1047 1143 1082 AEneatn
1174 1037 1293 1079 secuti
1306 1037 1420 1085 sunt3
1441 1039 1543 1078 unde
1561 1039 1658 1078 &in
1672 1036 1809 1078 secun-

975 1099 1027 1140 do
1055 1100 1110 1138 ait
1137 1126 1151 1144 ‚
1194 1098 1368 1138 Comitum
1411 1098 1597 1152 affluxisse
1622 1110 1808 1137 novorum·

981 1156 1110 1200 Idem..

1033 1211 1189 1268 Lycios-J
1222 1209 1393 1265 signate.
1409 1211 1459 1248 Et
1471 1207 1647 1249 militum
1661 1209 1700 1248 ὅ(
1717 1212 1804 1248 Du-

977 1270 1031 1310 cis
1047 1282 1196 1310 nomen
1212 1269 1327 1320 ponit
1341 1295 1353 1313 ,
1369 1267 1546 1321 itemque
1560 1264 1805 1319 magistrum,

979 1328 1021 1367 δε
1035 1328 1170 1367 navim
1183 1322 1416 1365 submersam
1433 1321 1577 1362 scribit.
1610 1322 1719 1376 Lycii
1734 1334 1805 1363 au-

977 1395 1074 1430 tern,
1088 1381 1300 1424 interfecto
1313 1379 1554 1435 Sarpedone,
1569 1376 1809 1420 adhaeserunt

975 1446 1106 1485 AEnea:
1121 1469 1136 1490 ,
1152 1441 1312 1480 duetore
1335 1442 1505 1478 Oronte.
1527 1436 1647 1477 Unde
1662 1441 1794 1477 2.AEn.

1033 1519 1110 1530 -
1144 1500 1308 1538 comitum
1331 1496 1474 1536 turbam
1498 1493 1688 1548 adfluxzffi
1699 1509 1812 1533 novo-

1188 1571 1270 1595 rum

1032 1612 1198 1652 Invenio.
1643 1652 1649 1661 Δ

977 1669 1097 1708 Navis
1133 1666 1315 1723 magister
1353 1676 1437 1708 erat
1478 1659 1678 1716 Leucaspis
1706 1690 1719 1709 ‚
1751 1667 1797 1703 ut

979 1730 1068 1768 AEn.
1088 1727 1126 1768 6.

1029 1783 1251 1837 Leucaspim,
1281 1785 1333 1825 ἔφ’
1365 1781 1474 1835 lyciae
1501 1777 1679 1820 ‘lablorem
1692 1776 1804 1831 classis

997 1858 1019 1893 s
1170 1847 1351 1881 orontem.

973 1894 1140 1937 Taubm.

1029 1953 1212 2006 Fidum]
1256 1950 1458 1991 Fidelem:
1498 1960 1703 2004 utrumque
1729 1960 1808 1988 no—

977 2023 1071 2051 men
1098 2010 1205 2050 idern
1216 2007 1400 2064 fignificat
1415 2036 1427 2055 ,
1455 2007 1631 2062 quamvis
1644 2005 1804 2060 quidam

978 2069 1100 2108 velint
1115 2068 1233 2118 fidum
1255 2067 1424 2106 amicum
1440 2092 1454 2113 ‚
1485 2064 1630 2114 fidelem
1656 2060 1806 2108 servum

977 2124 1066 2164 dici.
1100 2126 1141 2165 ὅ(
1164 2121 1214 2164 fic
1237 2121 1571 2176 pronuntiandum
1585 2148 1597 2166 ,
1625 2131 1668 2160 ut
1689 2118 1809 2159 dolo-

979 2195 1065 2222 rem
1088 2180 1225 2221 afferat
1237 2181 1324 2221 talis
1335 2176 1426 2220 socii
1442 2175 1605 2219 amislio.
1644 2180 1812 2218 Servius.

1036 2252 1124 2290 114.
1161 2239 1274 2294 Ipsius
1298 2249 1384 2277 ante
1408 2235 1566 2287 oculos-J
1597 2233 1659 2273 Ad
1684 2234 1813 2279 maio-

979 2309 1064 2337 rem
1078 2297 1284 2336 dolorem:
1298 2294 1402 2335 unde
1414 2292 1510 2334 alibi
1524 2320 1536 2338 ,
1552 2296 1713 2346 Qaeque
1729 2292 1804 2345 ipse

980 2356 1177 2409 mifi’rrima
1204 2352 1297 2392 vidi.
1330 2355 1431 2390 Item
1451 2379 1463 2396 ‚
1488 2352 1566 2404 Qi
1592 2351 1671 2387 nati
1693 2362 1808 2387 coram

980 2427 1035 2451 me
1048 2426 1185 2451 cernere
1196 2410 1329 2449 lethum
1343 2412 1371 2447 F
1374 2408 1481 2458 ecifli.
1513 2406 1638 2446 Idem.
1776 2454 1777 2457 Ἴ

1037 2464 1354 2522 lngempontus.]
1377 2463 1509 2504 unda.
1544 2460 1658 2502 Etest
1675 2470 1812 2516 tropus

981 2522 1239 2577 Synecdoche‘.
1272 2520 1394 2561 Idem.

1040 2586 1092 2623 A
1117 2578 1290 2630 vertice]
1323 2583 1405 2617 Aut
1418 2572 1668 2630 {pupphquae
1681 2586 1810 2617 vertex

982 2639 1090 2677 navis
1104 2636 1183 2677 est:
1206 2647 1271 2676 aut
1283 2633 1333 2674 ab
1351 2635 1551 2689 Aquilone
1564 2644 1683 2672 vento
1701 2661 1713 2679 ,
1743 2633 1812 2687 qui

180 2701 226 2735 ln
237 2697 398 2751 brevia]
412 2695 642 2737 sanstiusin
657 2695 837 2749 Minerva
850 2693 938 2736 sub·
984 2695 1050 2735 flat
1074 2691 1096 2734 Ξι
1122 2692 1426 2740 τηιιηάἰ,νειτῐεε
1443 2720 1455 2738 ,
1480 2688 1812 2744 Ξιῑερτεητιίοηετ

121 2751 230 2792 audit
240 2754 352 2793 vadai
384 2758 496 2793 Hunc
509 2764 663 2808 quoque
684 2754 865 2794 ‘Maronis
880 2755 939 2793 lo·
985 2762 1027 2791 ut
1056 2749 1137 2806 ipse
1161 2749 1260 2796 ⁴alibi
1275 2778 1288 2796 ,
1322 2749 1396 2790 Hic
1421 2760 1547 2788 vertex
1571 2749 1666 2787 nobis
1670 2752 1816 2801 semper

121 2820 205 2849 tum
219 2809 376 2864 attingit
392 2810 553 2852 Robert.
573 2808 853 2850 Tincontrov.
867 2811 938 2865 l.9.
977 2810 1156 2862 fiablimis.
1197 2806 1354 2862 quidam
1378 2807 1549 2846 verticem
1579 2804 1640 2844 hic
1662 2805 1813 2859 procel-

128 2877 158 2904 c.
180 2880 242 2908 20.
277 2869 318 2907 &
341 2879 512 2908 accurate
536 2895 548 2915 ,
592 2867 686 2923 quid
707 2869 831 2909 brevia
853 2866 942 2915 fint,
988 2866 1067 2906 lam
1084 2865 1290 2919 accipiunt.
1324 2863 1441 2904 tdem.

127 2922 265 2962 edocet
288 2937 332 2964 ex
357 2925 494 2965 Graecis
506 2920 756 2978 scriptoribus
770 2924 946 2966 Brodaeus

124 2979 200 3020 16.
214 2978 373 3021 Miscell.
385 2994 487 3033 c.24.
520 2982 732 3033 Emmeneffi

1024 2922 1279 2975 'AverticaJ
1310 2917 1546 2971 Koe'l'o'ingoec.
1583 2922 1750 2958 Recurte
1763 2916 1811 2956 ad

990 2980 1104 3020 illum
1132 2983 1279 3032 Georg.
1302 2978 1460 3018 locum:
1490 2975 1653 3016 ventum*
1675 2979 1815 3014 vertice

185 3049 272 3077 ιη.
303 3037 458 3090 Vada]
472 3037 948 3090 νειόαηεὲβρριρέαΝει-ῐο
984 3040 1101 3091 sylvis
1130 3038 1307 3078 Incubuit.
1355 3033 1534 3075 Nannius
1559 3032 1614 3072 vir
1638 3031 1817 3071 acerrimi

122 3091 172 3132 de
186 3094 462 3135 oramatitima
487 3097 512 3136 l.
539 3109 572 3137 ι.
600 3100 640 3137 Si
656 3099 699 3137 ab
710 3099 950 3153 aquafizmma
995 3095 1148 3148 ingenii
1177 3106 1259 3134 non
1284 3092 1426 3143 injuria
1452 3086 1813 3154 mihiServiumhic

122 3162 194 3201 non
205 3153 275 3192 alte
286 3149 333 3206 est
343 3164 442 3195 terra
455 3180 468 3201 ,
480 3151 617 3196 dicitur
626 3153 745 3196 vadus
763 3183 776 3202 ‚
795 3155 835 3194 δε
851 3154 950 3195 mul·
998 3148 1144 3194 notasse
1157 3150 1307 3192 videtur
1323 3177 1336 3198 ,
1348 3160 1390 3190 ut
1403 3162 1448 3191 ex
1455 3149 1538 3201 ejus
1552 3149 1702 3190 Nannu
1714 3158 1809 3184 con-

1278 3210 1310 3246 E
1340 3219 1358 3261 3
1697 3213 1808 3244 textu
