2037 3787
448 139 915 205 AENEJDOS

1000 142 1098 199 L1
1121 136 1171 202 n]
1212 142 1261 203 14
1590 139 1706 218 '277

25 260 94 321 73
106 261 140 299 0
155 241 208 297 A
223 237 356 296 Belo
371 232 524 295 soliti.
570 252 682 292 tum
697 232 829 293 &Cia
845 234 1041 293 silentia
1054 236 1204 294 teffis
1222 258 1236 292 ε

147 320 381 399 Juppiter
396 357 413 384 ‚
445 315 748 395 (hospitibus
766 339 885 376 nam
903 336 955 375 te
972 317 1092 375 dare
1107 321 1218 394 jura
1231 318 1532 395 loquuntur)

154 406 311 460 Hunc
328 402 500 458 laetum
522 399 800 480 Tyriisque
819 401 956 459 diem
975 403 1250 479 Trojaque
1268 391 1515 477 profectis

153 482 272 543 Effe
290 484 418 541 velis
433 520 451 549 ‚
486 481 789 564 nostrosque
806 483 953 561 hujus
971 481 1259 540 meminisse
1275 481 1524 541 minores,

1547 556 1699 618 Adsit

58 665 62 668 ’
84 679 182 722 730.
211 674 301 708 Tum
312 651 712 721 faHafilentiatfflis]
740 671 831 708 Mos
887 665 963 707 od.
985 681 1019 720 5.
1034 665 1081 706 de
1099 636 1294 721 Augusto:

30 735 111 766 erat
133 724 230 778 apud
254 735 428 775 veteres,
457 739 497 765 ut
520 725 658 765 lumini
673 723 830 764 incenso

15 779 217 821 ·filentium
231 781 458 834 praeberetur
475 810 485 827 ,
511 793 553 822 ut
565 783 776 836 optativam
787 780 830 821 fi-

26 836 69 879 bi
92 837 243 878 laudem
266 838 465 892 loquendo
489 841 614 879 nullus
626 848 829 885 averteret,

25 895 50 922 *
76 894 191 947 Apud
207 899 409 934 Romanos
423 896 570 943 etiam,
591 908 703 937 coena
714 894 833 942 edita,

13 947 256 1006 ,sublatisque
280 951 420 992 meniis
453 952 587 1005 primis
602 981 615 999 ‚
639 951 828 992 filentium

26 1003 111 1048 fieti
121 1004 289 1055 solebat,
321 1008 444 1064 quoad
469 1019 511 1048 ea
525 1036 541 1059 ,
569 1021 648 1065 quae
659 1008 706 1048 de
717 1020 830 1047 coena

26 1063 147 1104 libata
166 1063 320 1105 fuerant
334 1093 346 1112 ,
371 1065 420 1106 ad
442 1064 570 1107 focum
586 1072 775 1105 terrentur
788 1066 828 1104 ὅ(
848 1111 850 1113 ,

25 1121 161 1175 ignem
179 1149 191 1169 ,
220 1122 402 1163 darentur
416 1151 429 1169 ,
458 1125 502 1162 ac
513 1135 605 1175 puer
624 1127 726 1161 Deos
739 1133 826 1174 pro-

26 1179 146 1232 Pitios
158 1177 393 1226 nunciasset,
421 1190 481 1226 ut,
511 1182 595 1219 Diis
607 1179 711 1218 honor
721 1179 827 1218 habe-

24 1247 124 1292 zetus·
134 1263 148 1282 ,
162 1235 398 1291 tacendoque
409 1249 469 1275 tes
483 1238 503 1262 *
520 1248 606 1275 cum
621 1232 830 1274 intercessit

25 1292 129 1331 inter
140 1292 374 1332 coenandum
390 1320 401 1337 ,
429 1293 549 1331 Gtaeci
560 1304 713 1347 quoque
737 1290 832 1331 θεῶν

26 1346 209 1402 mpetu-law
221 1348 364 1388 dicunt.
392 1354 492 1387 Serv.

82 1407 193 1446 FaHa
209 1405 391 1456 salentina]
421 1410 519 1444 Rem
532 1403 640 1444 enim
654 1403 828 1445 divinam

25 1460 153 1502 astura
165 1460 355 1501 filentium
365 1461 528 1502 induxit.
558 1467 732 1502 Donatus.

55 1570 59 1573 Α
83 1517 207 1569 Tum]
238 1521 287 1557 In
301 1518 600 1573 Longobardico
612 1546 624 1565 ,
643 1518 744 1559 dum:
759 1518 831 1559 Sed

27 1580 104 1615 tum
116 1575 266 1614 melius.
298 1579 392 1615 Pier.

80 1644 128 1684 73
143 1646 177 1671 r.
209 1631 423 1686 Juppiter]
455 1636 583 1685 Rogat
598 1636 753 1688 Jovem‚
789 1634 829 1673 &

25 1687 104 1737 ejus
129 1689 310 1728 virtutem
324 1700 450 1728 narrat
465 1717 477 1736 ,
509 1702 550 1728 ut
565 1690 741 1730 ostendat
753 1692 833 1742 ple-

25 1756 80 1783 no
93 1755 184 1784 voto
198 1747 388 1794 Troianos
401 1745 579 1800 excepiffe
593 1775 605 1792 ,
635 1759 722 1786 cum
748 1748 828 1786 ini-

14 1809 107 1842 ·tam
131 1799 350 1843 societatem
377 1803 603 1843 testimonio
628 1801 828 1855 hospitalis

24 1859 134 1915 Jovis
144 1859 360 1899 confirmet.
394 1864 497 1900 Cum
509 1871 638 1900 autem
649 1859 728 1914 ipsa
740 1858 830 1901 esset

24 1914 221 1966 Sydonia,
251 1915 350 1970 quasi
377 1917 515 1957 mortis
540 1915 608 1958 sux
633 1916 826 1972 praesagio,

22 1972 231 2025 Tyriorum
256 1973 379 2014 solum
405 1977 444 2014 ὅ(
471 1976 736 2024 Troianorum
750 1988 831 2014 me-

23 2029 171 2070 minit:
201 2032 240 2070 &
266 2033 407 2071 metito
419 2031 495 2071 diei
509 2032 695 2072 meminit
712 2059 727 2079 ‚
753 2045 830 2087 quo

19 2085 276 2129 confirmabat
309 2086 529 2128 societatem
566 2101 633 2142 per
659 2086 757 2128 sacra
788 2090 828 2128 ὃς

20 2144 256 2183 convivium.
288 2144 411 2184 Triste
435 2157 565 2185 autern
589 2144 689 2192 fuit,
718 2158 829 2185 tene-

23 2196 109 2238 bras
123 2202 229 2239 nomi
237 2213 327 2241 nare
339 2231 350 2248 ,
366 2203 424 2241 vel
439 2204 596 2242 nostem
610 2231 621 2250 ‚
637 2204 697 2244 vel
710 2203 831 2241 maxi-

23 2266 115 2303 me,
141 2257 228 2312 quia
250 2259 591 2299 continuationem
613 2259 691 2299 diei
721 2260 829 2300 nosti

22 2313 273 2361 conjunxerat
285 2341 297 2360 ,
312 2315 353 2354 δε
366 2315 652 2356 nondumitum
678 2327 760 2357 erat
782 2315 829 2356 ad

22 2370 209 2423 requiem.
228 2376 407 2411 Donatus.

37 2427 42 2431 ’
63 2429 267 2481 Hosjticibus
279 2443 362 2468 nam
373 2439 409 2468 te
422 2428 506 2468 dare
514 2433 596 2482 jura
608 2429 829 2483 loquuntur]

25 2483 179 2524 Scilicet
199 2485 374 2537 'exemplo
400 2486 588 2538 Lycaonis
615 2498 626 2524 ε
657 2487 720 2538 qui
745 2498 830 2528 cum

22 2537 190 2594 hospites
205 2538 393 2594 susceptos
408 2553 560 2581 necaret
579 2570 592 2588 ,
613 2538 636 2582 ᾖ
660 2539 830 2595 suscepto

1052 743 1155 755 ·--
1184 725 1372 768 &alteris

939 785 985 818 Te
999 781 1124 831 menfis
1143 781 1290 821 adhibet
1302 781 1421 821 deum.

942 842 989 876 Te
1000 840 1110 876 multa
1112 851 1209 892 prece
1223 865 1235 883 ,
1259 848 1295 876 te
1301 839 1520 893 proftquitur
1530 850 1638 882 mero,

939 895 1068 944 Desusb
1084 895 1232 948 pateris.
1262 915 1339 925 ·—

884 947 1050 988 Taubm.

954 1006 1133 1061 Juppiter
1158 1005 1387 1060 hospitibus]
1428 1003 1517 1045 Cic.
1542 1002 1590 1044 ad
1615 1001 1695 1056 Q.

891 1064 1012 1103 fratr.
1043 1078 1110 1102 non
1121 1064 1260 1113 faciam
1274 1090 1291 1110 ,
1313 1074 1352 1102 ut
1374 1062 1475 1102 illum
1501 1059 1696 1114 offendam,

880 1134 923 1156 ne
941 1122 1098 1172 imploret
1112 1118 1226 1169 fidem
1245 1120 1363 1175 Jovis
1386 1120 1588 1172 Hospitalis.
1624 1115 1697 1156 Sed

881 1174 928 1215 de
943 1180 1043 1231 Jove
1068 1173 1282 1229 Hospitali,
1312 1175 1384 1215 five
1396 1176 1550 1220 Xenio,
1577 1185 1694 1229 quem

881 1233 1091 1287 antiquitas
1114 1231 1271 1286 hospitii
1293 1233 1489 1273 vindicem
1515 1233 1554 1271 ὃς
1577 1227 1698 1284 praefi·

881 1288 969 1328 dem
1010 1290 1184 1340 putavit,
1212 1288 1468 1330 Thomafinus
1501 1286 1700 1328 adeundus

886 1344 1024 1386 deteff.
1053 1343 1228 1400 hospital.
1253 1359 1284 1387 c.
1305 1350 1343 1390 6.
1368 1345 1546 1386 &Feit'n.
1573 1349 1691 1384 Hom.

881 1404 1002 1457 antiq.
1017 1405 1043 1443 1.
1062 1416 1147 1457 3.c.
1170 1416 1256 1445 ιη.
1282 1405 1412 1444 Plures
1428 1402 1551 1450 fuere,
1581 1412 1623 1442 ut
1650 1412 1697 1440 ex

885 1461 1004 1500 Ovid.
1019 1462 1042 1501 1.
1065 1475 1099 1514 5.
1118 1465 1280 1501 Metam.
1297 1458 1432 1511 ybs.45.

1005 1541 1091 1552 ——-
1121 1516 1264 1571 testatus
1270 1521 1392 1574 jufiJue
1395 1516 1574 1571 fidemque

940 1575 1094 1629 Hospitii
1117 1579 1221 1615 Deos.

890 1631 961 1669 Sed
975 1631 1151 1687 Juppiter
1163 1643 1297 1671 eorum
1309 1630 1499 1683 princeps.
1513 1626 1604 1667 inde
1615 1631 1701 1681 jum

886 1687 1004 1741 Jovis
1019 1715 1033 1733 ‚
1059 1688 1098 1727 id
1123 1687 1202 1734 est,
1231 1685 1466 1741 Hospitalis,
1485 1684 1584 1741 apud
1600 1690 1697 1725 Stat.

883 1745 954 1796 I.3.
972 1743 1156 1785 Thebaid.
1185 1746 1390 1798 Emmeneffi

939 1813 1034 1854 732.
1070 1804 1249 1857 Tyriisque
1284 1801 1420 1852 diem]
1462 1799 1582 1853 Atqui
1621 1809 1700 1836 nox

885 1869 966 1897 erat
985 1886 999 1907 ,
1024 1856 1084 1898 sed
1108 1872 1174 1913 per
1199 1859 1306 1899 diem
1330 1857 1537 1911 accipimus
1564 1857 1604 1895 &
1619 1867 1696 1893 no-

886 1915 986 1954 stem
1000 1943 1014 1964 ‚
1030 1918 1070 1955 ὃς
1083 1915 1240 1974 quidam
1255 1916 1391 1955 volunt
1419 1912 1618 1954 masculini
1631 1924 1702 1964 ge-

888 1973 991 2011 neris
1004 1973 1108 2013 diem
1122 1976 1245 2015 bonum
1257 1972 1466 2027 significare
1479 1999 1492 2019 ,
1517 1969 1701 2010 foemini-

887 2028 956 2076 ni,
983 2034 1126 2070 malum.
1160 2030 1322 2071 servius.

946 2087 1333 2143 TroJ'aqueprofeHis.]
1350 2090 1453 2126 Bene
1467 2083 1596 2124 noluit
1615 2096 1699 2138 pro-

874 2144 1124 2199 fugisdicere.
1156 2144 1273 2184 Idem.

942 2213 1038 2254 733.
1067 2202 1140 2256 Effi
1152 2201 1281 2252 vela]
1312 2198 1527 2241 Secundum
1540 2192 1698 2236 Hetrus-

882 2268 967 2296 cam
993 2257 1234 2312 disciplinam
1244 2259 1392 2297 locutus
1403 2255 1470 2296 est.
1502 2255 1563 2295 Sic
1584 2255 1695 2293 enim

882 2313 1013 2354 dicunt
1030 2343 1041 2361 ,
1064 2319 1179 2356 volens
1192 2344 1204 2362 ‚
1217 2313 1530 2370 propitiusquefis.
1562 2310 1689 2350 Idem.

942 2374 1014 2425 Effi
1042 2373 1168 2424 velis]
1195 2373 1342 2411 Plinius
1362 2386 1372 2411 z
1397 2376 1491 2409 Deos
1505 2379 1588 2407 ante
1599 2369 1695 2407 obce-

875 2422 1044 2475 stanlus',
1077 2433 1144 2468 UT
1165 2434 1357 2469 VELINT.
1393 2426 1506 2467 Ovid.
1524 2423 1699 2474 lib.3.,de

887 2487 1009 2522 Arte:
1050 2487 1178 2531 oica,
1205 2486 1334 2525 Phoebe
1358 2485 1523 2524 VELIS!
1561 2480 1699 2522 Livius

882 2539 951 2578 lib.
973 2554 1004 2580 ῐ.
1037 2548 1163 2581 Pacem
1184 2543 1340 2595 precibus
1368 2542 1578 2594 expostum,
1608 2544 1694 2580 UTI

26 2600 128 2652 Jove
141 2626 154 2645 ‚
167 2597 366 2652 postquam
380 2600 416 2638 ei
427 2601 553 2652 epulas
566 2598 750 2638 humanas
765 2612 830 2652 ap·
884 2602 1067 2638 VOLENS
1081 2603 1350 2644 PROPITIUS
1372 2596 1520 2638 SUAM
1536 2602 1696 2635 SOSPIa

21 2650 144 2704 posuit
158 2683 171 2702 ,
201 2653 553 2709 versusinlupun13
578 2654 746 2696 ostendit
762 2656 829 2695 ho-
885 2658 972 2694 TET
993 2655 1399 2698 PROGENIEM.Vide
1413 2649 1697 2693 Barn.Brissbn.

22 2707 122 2762 spitii
143 2713 223 2761 iura
251 2725 332 2752 non
357 2709 430 2752 effe
443 2712 635 2752 violanda.
666 2713 827 2756 Grai-cir}
877 2711 902 2749 1.
928 2726 958 2750 ι.
974 2715 1106 2751 Form.
1139 2712 1287 2752 Taubm.
1520 2718 1522 2721 ’

23 2766 131 2819 ξένιον
149 2770 223 2807 Δία
245 2770 448 2822 appellant.
482 2773 637 2810 Servius.

938 2769 1156 2824 Nostrofilue
1180 2769 1294 2822 hujus.
1313 2768 1331 2819 ]
1375 2767 1434 2807 Sic
1456 2765 1600 2807 fastum
1618 2781 1628 2805 τ
1653 2777 1697 2806 ut

89 2825 264 2880 Jappiter
287 2827 475 2880 hospitibus·
495 2842 577 2867 nam
592 2854 604 2874 ,
633 2827 740 2878 ἔφα]
771 2831 825 2865 O·
884 2826 1003 2864 etiam
1030 2839 1133 2865 nunc
1155 2824 1264 2865 duret
1289 2824 1335 2864 de
1361 2823 1509 2865 astibus
1525 2822 1699 2864 Didonis

23 2882 119 2920 tatio
145 2881 243 2922 bene
268 2884 494 2923 ominantis.
530 2883 823 2923 Alluditautem
880 2881 1024 2922 fabula.
1054 2889 1233 2924 Donatus.

23 2937 66 2976 ad
81 2940 188 2994 Jovis
199 2951 422 2992 cognomen
444 2969 457 2989 ‚
485 2942 600 2980 Xenii
612 2939 684 2979 five
697 2942 826 2995 Hoffii-

940 2940 1153 2990 Minores.]
1192 2936 1377 2980 Postetos.
1408 2936 1524 2990 Qod
1559 2948 1695 2979 vorum

25 2998 115 3034 talis.
161 3000 219 3035 De
245 2995 435 3037 libatione
462 3000 500 3036 δε
527 2998 748 3049 precatione
784 3011 824 3036 in
882 2996 1004 3047 potest
1019 2996 1352 3049 videtiimpletum
1372 2994 1551 3047 ,quaudo
1570 2992 1698 3034 foedus

25 3049 150 3090 mensa
174 3049 331 3092 secunda
347 3083 358 3099 ‚
394 3054 477 3092 vide
490 3053 658 3093 Turneb.
675 3053 822 3104 lib.24.
881 3054 1001 3093 istum
1026 3054 1079 3093 cst
1094 3052 1116 3093 31
1131 3050 1495 3104 Carthaginensibus
1508 3063 1592 3095 cum
1611 3055 1696 3089 Ro-

26 3118 95 3165 tap-
117 3123 178 3163 35-
195 3111 259 3151 ubi
273 3112 433 3166 explicat
449 3110 544 3151 illud
557 3114 692 3151 Horat.
707 3109 776 3152 lib..
788 3128 820 3164 4,
858 3097 1036 3158 ²manis,
1061 3111 1195 3166 dequo
1209 3110 1338 3150 Livius
1352 3107 1419 3150 lib.
1437 3125 1473 3163 7.
1507 3109 1671 3206 T‘IubZi

917 3177 919 3179 ’
1197 3173 1218 3208 S
1250 3179 1268 3220 3
1477 3176 1572 3219 734-
1646 3174 1690 3203 '‘-
