2037 3787
439 108 914 170 AEnrz'rnos

999 99 1165 165 1:113]
1207 101 1348 162 1114
1597 100 1705 180 ¹615

81 247 88 250 »
107 264 112 268 .
150 209 344 295 Urgeri
359 210 502 268 mole
518 205 612 265 hac
629 245 647 273 ,
677 203 1054 286 ingentemque
1068 201 1273 283 insuper
1283 203 1496 261 ‘AEtnam
1571 271 1576 276 ι

30 300 147 381 580
159 292 444 376 Inpositam
460 330 478 359 ‚
509 287 955 369 ruptisflammam
972 285 1224 368 exspirare
1241 286 1457 346 caminis
1474 311 1491 354 ς

154 381 227 438 Et
244 416 261 444 ‚
290 373 468 434 fessum
488 373 693 453 quoties
711 388 879 430 mutet
891 373 1018 429 latus
1037 409 1054 437 ‚
1088 371 1370 428 intremere
1389 387 1611 428 omnem

150 463 425 520 Murmure
439 456 768 515 Trinacriam
787 504 801 525 ‚
839 461 894 514 &
913 456 1096 513 caelum
1113 451 1385 511 subtexere
1400 449 1567 511 fumo·

151 543 397 603 Noctem
414 541 556 600 illam
571 541 701 599 tedii
715 537 850 599 filvis
867 539 1094 598 inmania
1110 533 1341 595 monstra

25 706 137 762 liuius
150 708 325 750 nominis
336 706 520 764 syllabam
533 704 715 762 produci:
731 717 845 761 quare

16 765 208 824 semustum
220 763 456 823 trisyllabum
472 795 484 814 ,
497 769 511 806 i
528 765 650 808 vocali
662 761 848 803 subtracta

25 822 284 879 publicarunt.
329 823 401 864 Sed
426 823 535 863 enim
557 833 676 878 quum
688 821 731 859 in
744 831 848 860 vete-

26 879 135 922 ribus
147 880 440 934 exemplaribus,
453 877 747 934 quotquotlegi,
765 875 846 917 fere

27 936 367 992 passimsbmiuftum
380 934 701 993 quadrisyllabum
715 931 848 973 obser-

28 995 197 1035 vaverim
210 992 405 1047 scriptum,
427 990 621 1047 Synizcsm
632 989 761 1044 potius
772 987 846 1030 effe

27 1051 221 1092 dixerim:
253 1064 376 1106 neque
398 1052 602 1105 quicquam
623 1047 744 1088 deteri
779 1047 846 1087 de-

30 1107 150 1155 bere,
180 1121 299 1163 quum
321 1108 403 1148 duae
424 1109 496 1147 ‘111ae
515 1104 664 1160 syllabae
689 1117 760 1158 pro
772 1116 848 1144 una

31 1176 256 1219 reputentur
268 1193 281 1211 ‚
310 1176 352 1206 ut
365 1165 408 1204 in
420 1164 645 1204 Catulliano
658 1160 844 1206 carmine,

41 1226 121 1266 Flos
149 1222 398 1273 Veronenfium
431 1221 624 1276 depereunt
653 1224 821 1274 juvenum
836 1235 849 1257 .-

30 1279 139 1334 quod
153 1290 297 1319 veteres
309 1278 454 1318 habent
466 1277 618 1318 codices
631 1304 644 1322 ‚
670 1289 752 1315 non
776 1282 851 1316 Ve-

27 1338 212 1388 ronensum
226 1353 238 1374 :
254 1335 350 1376 utin
362 1334 527 1375 nomine
537 1335 852 1386 alvearia:quam·

33 1391 92 1433 vis
103 1393 224 1447 aliqui
239 1396 379 1432 alvaria
390 1393 517 1445 legere
529 1391 681 1430 malint.
716 1391 778 1429 Fit
790 1402 853 1428 ve—

31 1461 82 1489 xo
107 1448 292 1503 Synizefis
303 1451 417 1489 velex
430 1449 574 1489 duabus
588 1445 765 1488 brevibus
778 1459 845 1488 vo-

30 1504 178 1546 calibus
190 1534 203 1552 ,
234 1506 340 1546 nulla
363 1506 566 1557 interjecta
592 1502 850 1549 consonante,

1587 620 1717 674 Per·

894 718 976 746 non
990 704 1078 745 licet
1089 702 1163 755 effe
1175 712 1257 742 tam
1271 698 1435 742 disertis.
1477 710 1593 755 quare
1617 697 1718 751 figu-

895 775 978 802 ram
991 762 1121 815 potius
1132 759 1404 799 admittamus:
1425 770 1516 812 qua,
1527 768 1570 796 ut
1582 752 1716 794 miffos

894 818 1032 858 faciam
1044 822 1275 864 Homerum,
1291 813 1519 862 Hefiodum,
1530 811 1723 853 Theocri-

892 883 981 916 ‘tum
998 902 1009 921 ,
1022 877 1061 915 δε
1075 869 1291 915 universam
1307 872 1494 912 Graeciam
1508 897 1520 916 ,
1536 869 1722 923 Virgilius

897 930 976 986 ipse
988 929 1081 985 saepe
1094 927 1178 971 usus
1191 928 1269 969 est:
1298 941 1340 970 ut
1352 941 1396 968 cx
1408 928 1505 968 locis
1520 954 1533 972 ,
1546 925 1680 979 passim
1693 921 1716 966 ἦ

898 988 1014 1030 nobis
1036 998 1126 1028 toro
1151 999 1269 1040 opere
1289 986 1444 1033 citatis,
1470 981 1719 1024 manifestum

898 1043 971 1088 effe
984 1044 1122 1099 potest.
1151 1046 1307 1085 Pierius.

957 1105 1053 1153 580.-
1080 1102 1281 1155 caminis]
1310 1096 1571 1145 fornacibus,
1589 1099 1720 1139 Graece

897 1159 1005 1201 dixit.
1037 1161 1200 1201 Servius.

959 1219 1051 1271 581.
1078 1214 1239 1267 Mutet]
1262 1217 1411 1256 Movet.
1439 1208 1580 1253 Namfi
1594 1218 1719 1253 Mutae

898 1275 1061 1329 legeris,
1085 1274 1155 1315 dat
1183 1271 1442 1314 refectionem
1464 1267 1604 1309 labori.
1636 1275 1721 1310 Mo-

899 1343 956 1371 tat
970 1359 987 1380 ‚
1009 1330 1232 1386 frequenter
1257 1338 1393 1370 movet
1409 1356 1422 1375 ,
1445 1326 1622 1381 quamvis
1648 1323 1720 1364 alii

901 1400 1016 1429 mutat
1028 1388 1223 1443 accipiunt
1240 1414 1258 1437 ‚
1280 1397 1323 1427 ut
1335 1384 1412 1427 est:
1446 1389 1492 1425 Et
1501 1385 1636 1424 terruit
1651 1398 1720 1425 au-

893 1446 966 1501 ster
979 1458 1112 1487 euntes.
1153 1444 1280 1485 Idem.

959 1503 1120 1557 Mutet]
1144 1505 1201 1555 In*
1218 1497 1390 1556 antiquis
1409 1497 1560 1552 aliqum
1572 1490 1723 1535 codici·

32 1563 95 1603 vel
116 1563 235 1603 altera
259 1562 420 1603 duarum
444 1563 635 1603 vocalium
671 1560 855 1601 existente
903 1557 973 1600 bus
987 1588 1000 1607 ,
1014 1571 1131 1601 mutat
1142 1558 1296 1614 legitur.
1328 1555 1452 1613 Qod
1476 1552 1626 1594 Servius
1648 1551 1718 1590 ad-

32 1618 140 1660 brevi
155 1633 167 1659 z
195 1631 288 1660 nam
301 1633 346 1660 ex
359 1619 503 1660 duabus
515 1619 645 1672 longis
659 1630 741 1658 non
755 1629 851 1657 con·
904 1618 1061 1658 mittere
1072 1617 1221 1659 noluit:
1255 1626 1305 1655 ne
1314 1613 1476 1654 refestio
1488 1639 1500 1659 ,
1515 1621 1558 1652 ut
1569 1609 1626 1649 ait
1638 1636 1650 1655 ,
1662 1610 1722 1648 la·

30 1678 209 1717 donatur.
256 1676 327 1717 Sed
352 1677 461 1716 enim
473 1677 561 1731 quia
570 1675 721 1715 codices
733 1687 852 1714 manu

30 1731 176 1787 scripti,
193 1731 388 1788 frequenti
399 1732 696 1786 transcriptione
707 1729 853 1784 semper

31 1789 467 1846 aliquidimmutarunt,
493 1790 613 1845 fitque
637 1799 678 1829 ut
693 1789 736 1828 in
748 1787 851 1829 fimi-

31 1846 135 1889 libus
152 1849 362 1902 plerunque
374 1848 436 1888 vix
445 1847 564 1887 fidem
574 1846 717 1886 faciant
730 1857 851 1901 quan·

32 1905 218 1945 tumlibct
226 1906 375 1959 antiqui
387 1933 400 1952 ,
427 1917 548 1958 operae
561 1904 729 1957 precium
745 1903 848 1944 vide-

37 1972 126 2009 tur,
156 1959 482 2016 inscriptionum:
510 1974 591 2015 quae
625 1959 771 2001 fuerint
805 1960 849 1999 in

39 2019 302 2060 marmoribus
325 2030 493 2066 notatae,
518 2017 755 2058 testimoniis
778 2018 847 2057 uti.

34 2073 110 2114 inae
121 2076 229 2116 enim
237 2102 250 2122 ‚
259 2088 336 2129 quo
349 2073 464 2115 semel
477 2075 601 2115 modo
613 2073 756 2128 scriptae
768 2072 849 2114 fue·

37 2132 120 2172 rint
136 2160 147 2177 ,
175 2129 279 2172 suam
300 2133 529 2172 indelebiles
553 2132 728 2171 retinent
750 2131 852 2171 anti-

36 2189 241 2244 quitatem.
270 2188 465 2228 Habemus
486 2188 614 2244 itaque
635 2185 853 2241 inscriptio·

41 2257 136 2285 nem
160 2246 300 2285 tumuli
324 2259 408 2285 non
431 2244 673 2285 invenustam
688 2271 702 2292 ‚
732 2257 855 2299 neque

39 2302 306 2356 inelegantem
334 2307 468 2343 Romae
494 2302 536 2341 in
549 2303 692 2354 palatio
705 2303 855 2341 montis

42 2359 223 2416 jordani,
239 2360 280 2400 in
295 2372 367 2414 qua
380 2358 582 2399 manifesta
595 2356 778 2413 Synizefis
792 2358 854 2396 in-

41 2415 221 2468 spicitur,
241 2416 313 2455 hoc
323 2427 568 2468 pentametro
583 2442 597 2461 ,
625 2418 855 2456 LvCTvo-

45 2473 211 2527 vaQ
243 2475 370 2512 Mfflr
413 2474 504 2526 Qu
545 2475 670 2512 sc1o
722 2471 856 2525 QID

43 2533 240 2570 FVERIS.
270 2530 393 2569 Lufluo
408 2558 418 2575 ,
433 2542 498 2582 per
512 2527 704 2582 Synizefin
717 2527 789 2568 effe
806 2529 858 2567 vi-

46 2585 180 2626 detur:
209 2597 324 2640 atque
346 2588 464 2626 etiam
491 2587 533 2625 in
556 2588 678 2626 altero
701 2585 859 2625 heroico

43 2642 270 2683 hexametro
285 2672 296 2688 ,
328 2647 511 2688 unanimi,
527 2645 758 2697 Calpurniano
772 2671 784 2689 ,
800 2645 858 2694 sb-

45 2703 142 2740 tiata
153 2704 293 2740 marito.
336 2703 468 2754 Neque
492 2698 628 2739 desunt
643 2697 860 2751 hujusmodi

46 2759 219 2810 exempla
251 2757 443 2809 plurima:
491 2755 639 2796 tametfi
678 2758 860 2796 nonnulli

45 2814 288 2867 quantumin
304 2818 534 2867 Calpurniano
546 2813 622 2859 cst,
648 2826 746 2865 pene
769 2814 859 2852 ulti-

49 2882 159 2910 mam
187 2875 403 2910 Graecoru‘m
444 2883 555 2909 more
591 2872 731 2922 corripi
760 2868 858 2923 posse

48 2929 316 2966 contendunt:
346 2940 458 2982 arque
472 2929 523 2965 ita
536 2929 672 2966 tertius
687 2940 753 2980 pes
773 2944 860 2981 pur-

52 2986 130 3031 nia,
144 2984 313 3037 dastylus
328 2983 368 3023 lit
385 2998 394 3021 :
425 2986 519 3023 utin
534 2984 731 3029 Hadriano,
751 2989 859 3025 Clau-

49 3040 179 3086 diano,
208 3042 246 3080 &
272 3041 456 3081 similibus
469 3041 609 3081 fastum
623 3039 859 3094 pissimapud

903 1672 990 1714 bori
1001 1675 1127 1715 detur.
1154 1674 1220 1713 Ti.
1237 1677 1421 1712 Donatus
1433 1679 1555 1711 mutat
1578 1661 1720 1721 33ηοίῖ-

900 1734 973 1772 cit.
1000 1736 1106 1773 Dum
1132 1727 1369 1771 Enceladum
1391 1726 1447 1767 ait
1468 1723 1648 1766 converti
1673 1723 1720 1762 in

899 1788 1006 1829 aliud
1030 1789 1154 1835 latus,
1180 1787 1275 1828 dum
1294 1785 1452 1826 alterius
1463 1782 1629 1824 voluerit
1639 1779 1723 1820 vice

901 1844 1056 1886 effoetas
1067 1847 1166 1887 vires
1179 1856 1367 1898 reparare.
1395 1846 1499 1882 Cum
1514 1839 1647 1880 Servio
1660 1848 1720 1876 ta-

904 1915 998 1943 men
1017 1902 1107 1944 sunt
1117 1899 1447 1958 pleriquecodices
1461 1895 1599 1938 vetusti
1619 1908 1628 1934 :
1652 1906 1723 1934 ne-

903 1973 976 2014 que
990 1971 1124 2001 tamen
1137 1971 1245 2001 motat
1256 1960 1301 1998 in
1318 1955 1524 2004 omnibus,
1537 1952 1598 1993 sed
1611 1961 1722 1992 motrt

902 2017 1147 2067 subjunstivo
1183 2015 1306 2057 modo
1331 2015 1374 2055 in
1399 2011 1604 2054 nonnullis
1632 2008 1724 2049 scri-

906 2088 1015 2128 ptum
1039 2073 1108 2117 est.
1146 2086 1218 2129 pro
1240 2085 1319 2131 quo
1341 2071 1411 2113 alii
1430 2072 1569 2126 legunt
1592 2077 1720 2109 mutet.

906 2133 1066 2173 Pierius.
1175 2137 1177 2140 ⁴

962 2195 1084 2229 Mutet
1105 2187 1239 2240 latus]
1277 2179 1468 2240 Agnoscit
1502 2192 1641 2222 mutare
1664 2182 1720 2218 la-

907 2256 965 2284 tus
990 2243 1107 2286 ovid.
1121 2246 1147 2284 l.
1168 2257 1233 2297 13.
1248 2240 1312 2292 yl's.
1328 2254 1422 2295 937.
1450 2238 1515 2279 ubi
1531 2236 1719 2278 videndus

907 2301 1006 2342 Nob.
1016 2299 1204 2347 Heinsius,
1214 2301 1277 2355 qui
1296 2313 1338 2339 cx
1353 2297 1475 2339 Statio
1490 2295 1537 2335 de
1551 2294 1624 2333 hoc
1637 2297 1719 2332 En-

906 2358 1040 2399 celado
1063 2359 1157 2398 citat
1181 2353 1356 2399 versum:
1382 2364 1502 2393 tentat
1526 2350 1720 2391 Enceladus

909 2427 1047 2455 mutare
1069 2418 1178 2455 latus.
1208 2408 1441 2452 Emmeneffi

953 2473 1042 2525 582.
1059 2461 1722 2522 Caelumfubtexerefhmo.:limitatio-

912 2542 961 2568 ne
968 2529 1131 2570 Lucretii
1143 2528 1163 2567 l.
1175 2543 1207 2581 5.
1218 2534 1355 2580 Corpore
1367 2535 1518 2566 concreto
1517 2523 1723 2575 subtexunt

909 2588 1024 2626 nubila
1036 2589 1151 2627 caelnm
1166 2603 1177 2624 .·
1208 2584 1317 2623 Idem
1332 2581 1373 2622 6.
1403 2586 1446 2620 Et
1459 2579 1561 2636 quast
1570 2578 1722 2630 denst‘n-

911 2643 953 2682 do
965 2645 1134 2697 fitbtexit
1154 2645 1279 2682 coerula
1304 2640 1433 2679 nimbis
1448 2655 1462 2678 .·
1505 2638 1544 2676 ὅ(
1570 2633 1723 2673 Tibull-

911 2701 964 2739 de'
984 2712 1103 2740 atcut
1120 2710 1316 2754 praetexens
1335 2697 1432 2752 piHa
1443 2696 1628 2750 ftrrugine
1650 2708 1721 2731 τεν·

871 2779 875 2783 ·
908 2759 994 2796 lum.
1037 2756 1133 2795 Tale
1157 2756 1249 2810 quid
1271 2754 1390 2794 etiarn
1415 2751 1491 2791 od.
1521 2766 1547 2788 ε.
1565 2751 1717 2795 νεφέεσσι

912 2811 1077 2863 &qimi
1090 2812 1218 2863 gemm
1233 2810 1343 2860 ὥρια)
1361 2807 1451 2863 (alic.
1482 2814 1600 2857 Germ.

974 2872 1066 2922 583.
1095 2871 1235 2911 Noc‘lcm
1256 2868 1398 2920 illam]
1430 2868 1569 2906 Melius
1583 2876 1648 2919 per
1659 2874 1720 2902 ac-

912 2926 1121 2967 cusativum
1133 2926 1240 2965 dixit.
1273 2929 1433 2964 Servius.
1666 2971 1668 2975 y

974 2985 1117 3026 Noffem
1141 2984 1242 3023 illam
1266 2982 1350 3022 tem·
1367 2980 1509 3032 silvis-'J
1541 2982 1592 3019 In
1616 2975 1725 3015 codi-

913 3040 1020 3082 cibus
1045 3043 1191 3096 aliquot
1215 3039 1408 3093 antiquis,
1433 3034 1724 3076 nonvillaablaa

49 3099 200 3139 Graecos
211 3096 468 3139 observamus.
513 3098 586 3140 Sed
607 3098 717 3140 enim
741 3097 857 3140 nobis
889 3148 891 3150 q
916 3100 998 3141 tivo
1020 3097 1105 3141 casu
1126 3095 1278 3152 legitur.
1312 3090 1724 3138 sen-lusincusativum

1558 3148 1707 3191 mauult
1721 3161 1739 3188 a

1173 3154 1265 3210 Qu
1300 3168 1330 3205 4
