2037 3787
457 132 778 218 AEuelrn
815 171 939 214 os·
998 127 1163 212 Βῆ,
1205 147 1299 211 ΙΙ.Ί

1605 161 1749 225 307,

165 255 275 317 Aut
293 255 401 315 haec
415 258 468 315 in
483 256 688 316 nostros
702 255 944 315 fabricata
959 251 1034 311 est
1054 248 1482 311 inachina'muros
1498 265 1516 315 ς

167 339 465 418 Inspediura
481 341 671 398 domos
686 373 703 405 5
737 355 1053 415 venturaque
1070 333 1285 413 desuper
1301 328 1409 387 urbi
1431 349 1448 394 3

166 428 278 480 Aut
290 424 469 501 aliquis
479 425 605 481 latet
620 443 779 481 error.
826 441 966 500 equo
982 439 1049 476 ne
1066 417 1287 485 credite,
1317 408 1535 471 Teucri.

1585 491 1587 493 ’
1605 487 1709 545 ιιὶςε1

47 641 109 684 sic
135 644 173 683 &
200 646 359 683 Homer.
376 644 412 685 8.
431 641 561 699 odyn}
581 643 852 698 Δερεὶπονὶἴαν-
897 637 1009 692 idest,
1025 640 1141 678 timeo.
1170 640 1257 677 Hoc
1271 634 1378 676 enim
1399 632 1536 675 melius
1548 631 1616 672 est.
1640 637 1722 671 Serm

44 715 125 739 πον.
160 702 199 740 ὅ(
225 700 427 754 Dionyfius
440 701 512 741 lib.
534 715 570 741 1.
584 703 721 756 Antiq.
739 699 855 749 &egle

46 755 171 796 {mi-⁸.
200 756 293 796 inde
308 761 438 797 Flacco
451 758 518 797 lib.
535 771 570 798 2.
589 763 684 811 Arg.
695 759 856 798 distum:

97 829 174 844 ———
200 825 324 853 manet
345 816 498 854 immotis
520 831 588 866 nex
613 818 732 855 Duria
746 817 854 866 satir.

50 869 110 908 Sic
123 867 227 908 enim
241 871 333 923 legit
346 870 444 911 hunc
459 869 605 911 versum
622 873 856 915 politianus,

49 927 90 964 δε
104 926 229 974 laudat
246 926 412 980 Rliodig.
428 927 496 967 lib.
514 942 576 983 29.
590 940 672 981 cap.
686 942 730 977 25
741 927 858 982 .quod

50 990 184 1033 tamen
213 995 294 1022 non
308 985 430 1036 placet
441 985 526 1024 viro
538 985 656 1025 dosto
671 984 802 1024 Gifan.
816 984 859 1022 in

48 1040 199 1079 Lucret.
230 1041 398 1095 legitque
411 1054 453 1080 ex
466 1052 594 1081 vetere
605 1041 737 1081 codice
749 1069 762 1088 ‚
791 1056 860 1079 nox

48 1099 181 1135 Dorica
198 1123 212 1142 ‚
236 1100 282 1135 'ut
292 1096 397 1150 Virg.
416 1101 547 1138 Dorica
557 1098 670 1151 castra
682 1126 694 1144 ,
722 1099 763 1137 &
780 1102 859 1136 Ro-

53 1154 157 1191 mani
175 1150 375 1206 scriptores
392 1183 404 1201 ,
421 1159 513 1194 Dies
528 1154 704 1206 Alliensrs
716 1182 730 1203 ,
743 1166 784 1193 ut
795 1152 865 1206 fig-

60 1221 130 1247 net
145 1211 258 1249 Poeta
277 1212 432 1250 nostem
449 1241 464 1258 ,
488 1224 560 1264 qua
575 1216 700 1251 Dores
711 1237 728 1258 ‚
739 1210 779 1250 id
790 1209 861 1257 est,

56 1266 175 1304 Graeci
190 1294 202 1313 ‚
215 1279 408 1319 ceperunt,
423 1269 462 1306 ὅ(
476 1267 765 1307 inflammarunt
778 1267 864 1306 Per-

52 1334 180 1375 gama.
211 1319 370 1362 Praefero
396 1324 644 1363 Pontianum.
677 1323 864 1376 Quamvis

55 1389 184 1417 autem
198 1392 327 1418 verum
341 1379 385 1418 fit
402 1407 416 1427 ,
436 1385 645 1420 Durateum
657 1379 706 1421 fic
717 1381 864 1421 dierum

55 1430 78 1473 {a
109 1435 226 1487 lignis
242 1465 253 1480 ,
282 1435 418 1490 quibus
432 1436 690 1489 compositus;
717 1450 799 1476 non
812 1451 859 1476 0--

52 1491 289 1530 mittendum
315 1491 363 1532 ab
377 1491 463 1531 Euri
470 1507 501 1546 p.
520 1495 563 1532 in
575 1495 716 1534 Troad.
731 1507 812 1533 rem
827 1507 867 1532 a·

52 1544 111 1587 lio
135 1547 327 1587 detortam
342 1577 353 1594 ‚
379 1551 481 1603 quod
508 1549 721 1592 observavit
736 1554 776 1590 P.
791 1553 864 1591 Vi-

56 1605 154 1643 stor.
178 1604 247 1643 lib.
269 1619 328 1659 ¹9·
353 1611 435 1645 var.
464 1620 544 1659 cap.
572 1610 634 1648 18.
660 1609 739 1647 vult
754 1610 863 1648 enim

61 1662 241 1714 Tragicos
269 1662 415 1702 dicrum
439 1660 609 1718 aligneis
621 1665 756 1710 hastis,
782 1678 862 1720 quae

60 1716 165 1758 intus
178 1716 337 1758 inclusae.
371 1720 503 1759 cerda.

113 1788 175 1823 47.
209 1775 412 1830 InffieHura
426 1777 574 1829 domun]
607 1777 731 1817 Sentit
742 1783 863 1832 Vege-

55 1829 130 1887 tius
154 1828 222 1872 lib.
236 1847 273 1882 4.
300 1844 379 1885 cap.
398 1846 460 1888 19.
492 1839 694 1874 Maronem
707 1835 867 1889 deequo

56 1889 232 1934 Trojano
255 1891 391 1942 loqui,
417 1902 459 1930 ut
483 1891 532 1931 de
555 1891 732 1931 machina
746 1904 869 1945 oppu—

55 1946 232 1996 gnatoria
248 1964 258 1992 ς
271 1943 399 1986 scribit
410 1948 518 1987 enim
532 1976 544 1994 ,
553 1961 722 2003 praeterea
729 1962 867 2002 partem

64 2004 156 2051 muri
166 2005 245 2051 ‚ad
252 2018 359 2057 quam
368 2017 510 2045 conatur
522 2006 683 2045 machina
692 2006 870 2054 accedere,

54 2067 216 2098 c'aemento
224 2071 330 2115 atque
340 2061 519 2115 lapidibus
531 2088 544 2110 ,
555 2062 719 2117 postremo
728 2064 867 2103 tabula-

59 2117 110 2154 tis
133 2116 322 2155 extruendo
332 2120 478 2167 faciunt
489 2121 642 2159 altiorem
655 2148 671 2168 ,
694 2135 736 2159 ne
749 2119 870 2171 defen-

49 2174 147 2224 sbres
168 2175 332 2213 moem‘um
355 2173 504 2230 deficper
513 2177 591 2216 urbi
603 2187 751 2216 ventura
758 2177 869 2232 possit

61 2228 263 2283 opprimere.
294 2229 419 2269 Idem.

116 2291 344 2349 Is‘ezrturaque
365 2286 509 2340 desuper*
518 2288 634 2339 urbi]
666 2285 871 2342 Oppreffil-

64 2350 106 2380 ra
118 2353 325 2381 civitatem.
358 2347 516 2383 Servius.

120 2405 348 2454 Venturaque
359 2399 500 2453 desuper
511 2400 622 2451 arbal]
653 2399 699 2440 Id
711 2399 764 2440 est
777 2427 790 2446 ,
816 2398 873 2440 fil-

61 2465 306 2508 perventura,
320 2457 360 2495 &
371 2452 586 2510 oppressura
598 2446 750 2505 urbem,
763 2469 876 2510 utpo-

65 2520 106 2551 te
131 2511 328 2552 moenibus
345 2514 426 2558 eius
449 2514 591 2554 editior
614 2525 727 2567 atque
743 2514 876 2555 altior.

65 2569 270 2621 Eleganter
281 2569 329 2609 de
340 2572 449 2625 Equo
462 2600 474 2616 ,
500 2582 542 2610 ut
555 2570 604 2609 de
617 2570 793 2610 machina
806 2584 879 2624 op·

64 2627 292 2679 pugnatoria
315 2628 483 2681 loquitur
498 2656 510 2673 ,
539 2641 617 2682 quae
641 2640 685 2667 ex
708 2628 788 2666 alto
814 2629 877 2667 in-

67 2682 184 2734 gruit,
200 2683 316 2722 &suo
329 2681 412 2724 casu
431 2685 690 2738 gravitateque
714 2681 881 2730 subiesta

67 2739 222 2790 premit,
235 2741 275 2779 δε
288 2741 396 2780 ruina
410 2743 583 2781 involvit.
601 2741 697 2781 Vide
707 2741 876 2780 Turneb.

69 2793 142 2834 lib.
158 2808 219 2836 12.
234 2808 312 2851 cap.
332 2812 368 2851 5.
384 2798 424 2838 &
435 2798 501 2839 lib.
514 2813 573 2853 14.
587 2811 735 2852 cap-15·
763 2800 875 2839 Taula-

71 2867 233 2891 maennul'·

128 2908 196 2957 48.
224 2911 362 2963 Erron]
393 2913 543 2960 DoltJS,
568 2922 639 2961 ut,
665 2918 712 2953 Et
733 2914 882 2952 inextri-

71 2964 192 3004 cabilis
213 2981 320 3007 error.
354 2973 402 3008 Et
424 2968 478 3009 est
504 2969 623 3023 figura
645 2969 694 3009 ab
707 2982 767 3016 eo,
780 2968 883 3023 quod

75 3022 248 3074 praecedit
272 3051 283 3069 ,
319 3024 358 3064 id
382 3026 486 3080 quod
512 3027 690 3081 sequitur.
735 3026 886 3067 Distin-

73 3078 268 3131 guendum
293 3079 379 3121 stne
391 3095 497 3122 error
512 3099 522 3122 ε
547 3086 587 3123 &
600 3083 646 3123 fic
658 3083 880 3129 dicendum,

72 3139 168 3191 Equo
179 3146 221 3177 ne
233 3136 365 3179 credite
377 3143 510 3182 Teucri.
543 3140 645 3182 Item
659 3168 672 3187 ,
700 3140 883 3198 Qicquid

900 711 999 736 vlu!-

959 751 1092 806 Equo]
1124 749 1226 801 Qia
1251 748 1448 801 originem
1461 746 1564 787 ducit
1577 741 1600 786 a
1612 742 1717 783 frau-

905 807 1076 847 dulentis
1100 806 1271 845 hostibus
1287 831 1303 852 ‚
1340 807 1407 858 qui
1434 816 1525 844 tunc
1550 802 1722 840 maxime

908 864 1079 903 timendi
1101 859 1186 902 sunt
1203 889 1218 910 ‚
1240 873 1328 901 cum
1341 860 1657 903 benevolentiam
1672 856 1719 898 fi-

910 922 1074 960 mulant.
1105 925 1279 960 Donatus.

966 983 1056 1019 Aac
1066 979 1196 1029 aliquis
1205 978 1293 1013 latet
1307 990 1411 1014 error.
1452 990 1534 1029 equo
1546 989 1589 1012 ne
1602 969 1720 1011 credi·

910 1045 946 1072 te
961 1061 973 1079 ,
992 1034 1146 1084 Teucri-j
1161 1033 1318 1084 'Vulgata
1330 1031 1466 1070 omnia
1477 1028 1725 1082 exemplaria,
1746 1043 1751 1049 ·

910 1092 1042 1128 Servio
1054 1089 1278 1141 adstipulata
1300 1116 1315 1136 ‚
1338 1088 1391 1127 ita
1403 1088 1538 1140 legunt
1552 1115 1563 1132 ,
1579 1097 1620 1126 ut
1633 1087 1722 1124 sen-

913 1147 1035 1185 tentia
1047 1144 1089 1186 fit
1104 1175 1115 1193 ,
1130 1152 1221 1200 Equo
1233 1161 1299 1184 non
1313 1143 1544 1192 credendum,
1554 1143 1723 1196 ideoque

913 1214 1007 1242 ante
1040 1203 1257 1242 dit-:tionem
1292 1216 1377 1257 equo
1402 1227 1419 1249 ,
1458 1200 1597 1252 punita
1623 1199 1724 1237 adli·

915 1271 1026 1299 nunt.
1081 1260 1144 1299 Ti.
1189 1263 1369 1299 Donatus
1407 1255 1723 1309 distinguendum

914 1328 1053 1356 monet
1079 1332 1122 1356 ne
1144 1316 1275 1356 credite
1287 1314 1335 1355 ab
1349 1313 1522 1355 distione
1533 1330 1616 1368 equo
1627 1339 1642 1361 ,
1665 1313 1724 1350 le-

912 1374 1157 1428 gendumque
1170 1383 1340 1412 autumat
1352 1399 1367 1420 ,
1395 1374 1552 1425 Aliqum
1567 1373 1653 1409 latet
1667 1385 1726 1407 er-

912 1447 968 1470 ror
979 1447 1074 1485 equo.
1108 1432 1240 1484 Neque
1254 1428 1326 1468 hoc
1341 1439 1494 1467 tantum
1506 1426 1727 1479 distinguit,

915 1500 1045 1526 verum
1068 1488 1189 1526 etiam
1203 1483 1394 1539 suspendit
1408 1485 1630 1537 particulam
1643 1494 1728 1531 aut,

915 1555 1052 1597 utpote
1065 1545 1129 1599 qui
1143 1542 1274 1582 asserat
1286 1547 1511 1581 Laocoonta
1524 1540 1730 1579 evidenter

916 1598 1077 1649 dixisse,
1109 1600 1201 1655 quid
1224 1601 1352 1652 primo
1379 1600 1417 1637 δε
1446 1597 1612 1637 secundo
1635 1598 1726 1635 loco

898 1656 1090 1697 sentiret.
1118 1658 1256 1711 quippe
1284 1666 1350 1695 aut
1374 1659 1528 1694 Graecos
1551 1667 1599 1693 eo
1613 1655 1728 1706 ligno

920 1712 1086 1755 inclusos
1098 1713 1280 1754 occultari
1292 1741 1304 1759 ‚
1331 1723 1394 1752 aut
1406 1724 1492 1751 eam
1507 1710 1732 1750 machinam

916 1771 1156 1819 inTrojanos
1168 1782 1299 1810 muros
1309 1768 1531 1808 fabricatam
1545 1764 1737 1806 effe.Ter-

919 1829 979 1868 tio
994 1841 1082 1869 vcro
1095 1825 1222 1867 dixiffe
1236 1856 1248 1872 ,
1260 1839 1323 1866 aut
1337 1855 1349 1873 ,
1365 1828 1403 1865 ὃς
1418 1820 1534 1879 quum
1550 1837 1632 1863 non
1646 1821 1734 1876 sup-

919 1897 1067 1938 peteret
1092 1884 1250 1940 sequens
1261 1884 1436 1937 dicium,
1453 1879 1671 1934 ‘confugisse
1683 1879 1734 1922 ad

916 1945 1135 1996 generalem
1170 1939 1422 1994 suspicionem
1447 1967 1459 1986 ,
1503 1936 1707 1992 dixisseque
1721 1966 1738 1984 ‚

921 2003 1175 2055 Aliquislatee
1186 2014 1280 2039 error
1288 2014 1373 2053 equo
1389 2015 1401 2037 .·
1435 1996 1536 2051 quod
1549 2008 1665 2049 quum
1682 1997 1745 2035 ita.

918 2052 1233 2110 fit,separandum
1247 2054 1301 2094 est
1314 2055 1438 2101 aaa&
1451 2052 1498 2092 fic
1509 2052 1736 2092 dicendum:

920 2119 1078 2168 ,Aliquis
1091 2118 1176 2153 latet
1187 2128 1285 2153 error
1297 2127 1382 2167 equo
1395 2138 1412 2158 ,
1423 2121 1464 2150 ut
1479 2109 1526 2149 de
1539 2123 1588 2149 eo
1602 2138 1615 2157 ‚
1628 2108 1736 2163 quod

921 2170 994 2211 fuit
1009 2172 1193 2211 incertius
1208 2198 1219 2215 ‚
1245 2162 1423 2219 judicasse
1437 2166 1607 2207 videatur
1623 2180 1632 2205 t
1657 2178 1739 2219 quo

921 2239 1067 2281 genere>
1083 2227 1252 2267 firmavit
1276 2224 1455 2280 quicquid
1480 2223 1574 2263 illud
1585 2221 1732 2271 fuisset,

923 2282 997 2324 esse
1020 2283 1159 2324 debere
1171 2281 1405 2336 suspectum:
1438 2282 1525 2335 quia
1538 2281 1736 2335 originem

927 2341 1088 2381 ducebat
1101 2340 1149 2379 ab
1163 2339 1344 2379 hostibus.
1378 2343 1430 2377 Ex
1443 2337 1579 2392 quibus
1597 2343 1739 2377 Dona-

925 2399 956 2436 ti
974 2398 1096 2437 verbis
1113 2397 1206 2437 illud
1219 2397 1337 2436 etiam
1353 2396 1549 2448 colligitur
1563 2421 1575 2439 ‚
1600 2409 1652 2433 nae
1664 2410 1742 2433 cre—

927 2455 1003 2494 dite
1027 2453 1254 2493 affirmative
1286 2452 1504 2505 legendum.
1551 2467 1605 2490 nae
1627 2451 1739 2492 enirn

931 2511 991 2550 hic
1018 2525 1098 2550 non
1123 2509 1368 2563 prohibentis
1384 2537 1397 2556 ‚
1421 2506 1483 2547 sed
1509 2505 1742 2548 intenfionis

930 2569 1154 2621 particulam
1179 2565 1263 2606 esse.
1294 2565 1394 2605 Illud
1408 2577 1559 2619 quoque
1572 2564 1741 2604 minime

932 2624 1242 2664 dissimulandum
1261 2652 1273 2669 ,
1297 2625 1388 2661 licet
1418 2620 1659 2675 paucisiimos
1674 2621 1742 2660 ha-

933 2682 1020 2722 beat
1043 2682 1236 2721 fautores:
1261 2679 1363 2734 quod
1388 2679 1485 2732 apud
1515 2677 1681 2718 Probum
1696 2679 1742 2719 in

934 2750 1037 2785 arte,
1068 2738 1134 2779 ubi
1159 2739 1282 2792 agitur
1306 2737 1354 2775 de
1378 2753 1424 2775 ne
1438 2737 1616 2789 particula
1633 2764 1644 2781 ,
1670 2747 1745 2787 pro

937 2806 995 2840 Ne
1007 2796 1151 2841 credite,
1166 2797 1285 2835 Teucri
1299 2822 1313 2842 ,
1327 2794 1510 2850 Qicquid
1523 2795 1562 2833 id
1572 2793 1633 2846 est,
1654 2791 1748 2833 scri⁴

937 2865 1044 2907 ptum
1055 2851 1211 2892 habetur
1227 2865 1236 2889 :
1249 2863 1373 2906 neque
1385 2850 1540 2905 quidem
1554 2851 1592 2890 id
1609 2848 1746 2897 semel,

939 2919 995 2954 Ne
1006 2911 1137 2951 credite
1159 2912 1265 2954 veri,
1292 2909 1475 2964 Qicquid
1499 2911 1543 2948 id
1555 2909 1614 2964 est.
1647 2907 1747 2948 Idne

938 2981 1067 3007 errore
1088 2966 1230 3006 fastum
1259 2964 1302 3005 fit
1317 2994 1328 3010 ‚
1353 2978 1402 3004 an
1428 2966 1515 3018 quia
1528 2968 1581 3006 ita
1600 2970 1749 3021 legeret

941 3025 1086 3066 Probus
1098 3053 1109 3070 ‚
1136 3023 1233 3062 mihi
1259 3036 1340 3062 non
1365 3022 1524 3062 constat.
1556 3023 1595 3063 id
1621 3024 1749 3076 magis

939 3093 1111 3135 apertum
1127 3108 1140 3129 ,
1156 3079 1257 3134 quod
1271 3085 1327 3120 Ne
1340 3107 1352 3124 ‚
1367 3091 1479 3119 acuto
1491 3092 1647 3121 accentu
1661 3077 1750 3119 scri·

941 3138 1112 3180 bendum
1126 3148 1275 3177 monet.
1309 3138 1467 3179 Pierius.

1249 3198 1283 3235 V
1311 3206 1333 3233 2
1561 3205 1626 3244 49.
1648 3195 1765 3249 Qie·
