2037 3787
332 136 434 178 uz.
497 154 502 158 -
731 122 794 178 Ρ.

872 122 1497 178 V'IRGI'LII

450 219 678 279 Tristior
692 261 708 288 ‚
749 228 804 279 δε
823 220 1048 278 lacrimis
1064 221 1251 284 oculos
1261 219 1442 279 suffusa
1461 223 1670 282 nitentis
1686 264 1705 294 ‚

457 303 779 383 Adloquitur
795 309 979 363 Venus
998 326 1028 360 ε,
1048 304 1105 360 Ο
1125 304 1212 382 qui
1229 325 1310 361 res
1325 303 1706 388 hominumque
1732 305 2000 392 deumque

332 404 362 444 2
368 402 442 466 30
458 388 677 446 AEternis
692 386 828 468 regis
844 384 1071 467 imperiis
1089 421 1108 453 ,
1142 391 1198 445 &
1215 382 1433 447 fulmine
1449 406 1613 449 terres
1627 430 1647 460 ‚

1854 489 2001 572 Qu

384 649 477 691 228.
507 647 690 704 Tristior]
717 650 1041 705 comparativum
1066 657 1137 706 po-
1183 646 1309 691 solum
1326 680 1339 698 ‚
1363 649 1426 695 sed
1450 667 1578 696 rerum
1602 653 1761 697 habetur
1773 655 1891 697 ratio.
1918 659 2002 696 Lo·

323 700 495 761 suit'pto
517 705 695 760 pofitivo.
743 708 803 749 Sic
830 709 974 751 Sallust.
1016 711 1138 766 lpfhm

326 777 426 803 mare
437 765 621 804 Ponticum
634 763 786 812 dulcius,
792 782 897 822 quam
906 779 1046 808 caetera.
1076 772 1142 806 An

326 817 450 859 modo
472 819 617 860 tristior
638 833 729 862 cum
759 824 801 863 &
824 835 915 865 ante
937 852 950 872 ,
980 834 1138 879 propter

323 879 493 916 AEneam
530 874 671 918 soleret
695 876 813 920 tristis
840 879 914 921 effe
938 909 951 928 ‚
993 881 1139 922 tristior

322 944 428 974 nunc
440 939 569 975 venus
577 933 784 976 diceretur.
810 941 968 979 Servius.

381 990 563 1045 Tristior]
591 991 720 1046 Qam
731 1005 859 1034 antea.
889 1001 1062 1035 Donatus.

380 1047 558 1102 Trtstisr]
589 1051 649 1088 Ne
672 1061 763 1103 puta
785 1052 882 1103 poni
903 1051 967 1092 hic
990 1064 1140 1092 nomen

321 1110 551 1157 comparans
575 1117 647 1158 pro
668 1104 832 1160 pofitivo
858 1136 873 1156 ,
912 1110 1017 1164 quod
1041 1109 1142 1149 bene

323 1158 530 1210 advertunt
554 1160 664 1202 Nasc.
695 1167 810 1205 Corr.
837 1167 877 1205 &
894 1169 971 1222 Jul.
986 1168 1078 1209 scal.
1093 1165 1140 1205 de

321 1215 532 1273 caus-ling.
548 1219 678 1273 Latin.
701 1217 764 1260 sed
787 1221 935 1263 indicat
944 1222 1139 1274 {affestum

323 1276 487 1314 veneris
503 1304 514 1323 ,
539 1276 779 1330 qnae‘ttistior
791 1277 881 1319 effet
892 1309 905 1328 ,
920 1293 1036 1336 quam
1051 1280 1142 1320 alias

321 1327 480 1372 soleret.
519 1331 738 1374 observant
762 1348 915 1390 quoque
954 1341 1069 1377 Corr.
1101 1338 1142 1377 ὃ(

326 1391 464 1429 Germ,
477 1387 588 1430 illam
603 1395 729 1430 Deam
742 1392 889 1432 tristem
901 1393 1049 1440 induci,
1061 1407 1142 1448 quae

1187 707 1314 761 quitur
1331 715 1455 751 Venus
1468 713 1515 752 ad
1529 718 1670 770 Jovem
1685 712 1734 753 :fi
1744 715 1891 766 privata
1902 712 1998 760 filia,

1188 764 1233 803 ad
1258 775 1431 817 patrem:
1454 766 1481 808 fi
1504 769 1682 824 publica,
1724 769 1888 811 inferior
1923 768 1994 809 dea

1186 821 1284 874 apud
1306 819 1500 864 summum
1522 826 1697 867 deorum.
1736 828 1836 869 Vicit
1850 836 1999 874 autem,

1187 877 1291 930 quod
1305 877 1497 931 publicum
1506 880 1589 923 fuit.
1619 883 1808 924 Concitat
1816 882 1999 924 subtile-m

1185 934 1403 980 invidiam:
1428 938 1531 991 quod
1545 941 1744 995 Juppiter‚
1770 943 1873 990 cujus
1884 939 1999 987 fitiu-

1187 990 1241 1031 ste
1263 1004 1418 1040 curate,
1443 994 1534 1046 quid
1558 996 1614 1036 dii
1641 1025 1654 1044 ,
1697 997 1788 1051 quid
1819 997 2002 1037 homines

1187 1060 1305 1101 agant
1317 1077 1334 1098 ‚
1354 1049 1531 1091 omiserit
1555 1064 1685 1093 vetum
1697 1053 1740 1093 in
1753 1059 1918 1096 AEneam
1933 1055 1995 1104 ju-

1186 1105 1331 1145 dicium
1365 1134 1378 1153 ,
1415 1109 1456 1148 δε
1479 1108 1685 1149 innoxium
1709 1121 1769 1151 tot
1794 1110 2003 1151 tormentis

1186 1160 1424 1203 diffimuIans
1447 1166 1571 1205 vexari
1598 1151 1703 1205 figat.
1765 1168 2001 1220 Praeponitut

1187 1232 1279 1273 ergo
1292 1219 1442 1273 publica
1451 1221 1609 1275 persona
1622 1224 1662 1262 <Sc
1674 1220 1911 1265 subnectitur
1922 1225 2002 1278 pti-

1188 1289 1285 1316 vata.
1317 1278 1431 1330 Apud
1454 1280 1563 1319 enim
1592 1292 1738 1332 patrem
1762 1293 1845 1320 non
1871 1281 1999 1335 potuit

1185 1336 1369 1388 conqueri
1393 1335 1440 1376 de
1450 1336 1525 1376 diis
1539 1366 1551 1384 ‚
1576 1335 1638 1376 sed
1653 1336 1750 1389 apud
1761 1337 1924 1380 deorum
1940 1352 2002 1379 re·

1185 1402 1287 1443 gem.
1320 1393 1406 1431 Diis
1417 1403 1545 1433 antem
1558 1394 1775 1446 applicavit:
1788 1400 1930 1436 aeternis
1940 1411 2001 1436 re-

321 1443 458 1497 paffim
481 1443 531 1485 ab
554 1450 729 1487 Homero
741 1448 880 1489 dicitur
893 1450 1142 1501 φιλομειδὴς,
1180 1450 1239 1501 gis
1260 1450 1431 1500 imperiis.
1461 1455 1509 1490 Et
1533 1449 1914 1504 hominibusfulmine
1926 1464 2022 1494 ter-‘

327 1510 372 1542 ut
383 1532 399 1550 ,
412 1501 518 1557 quod
531 1504 612 1543 vult
624 1531 636 1550 ,
653 1504 846 1557 impetret.
865 1506 923 1549 Sic
939 1522 972 1557 5.
991 1512 1084 1549 AEn.

383 1565 538 1600 Tutatur
548 1563 658 1612 favor
689 1566 881 1619 Euryalum
894 1591 907 1612 ‚
933 1566 1152 1621 lacrimaeque

495 1617 637 1657 decorae.

1187 1518 1255 1543 res.
1289 1509 1481 1553 Donatus.

1243 1568 1271 1600 O
1282 1604 1284 1607 v
1295 1564 1358 1616 qui
1380 1579 1437 1602 res
1449 1564 1730 1618 hominumque]
1765 1568 1825 1604 De
1838 1553 1906 1603 hac
1916 1577 2005 1604 ora-

1189 1616 1299 1657 tione
1323 1621 1506 1667 venetis,
1533 1620 1707 1661 Macrob.
1732 1620 1790 1661 lib
1805 1621 1843 1661 6.
1858 1634 1937 1675 cap.
1956 1636 1998 1663 2.

323 1669 387 1711 bic
397 1672 507 1712 enim
519 1672 670 1715 habitus
681 1673 1003 1727 pulchritudinem
1015 1677 1148 1719 conci·
1191 1679 1280 1714 Sum
1284 1684 1349 1727 pm
1360 1688 1489 1717 autem
1501 1678 1560 1718 illi
1573 1678 1721 1719 videtur
1734 1691 1778 1719 ex
1789 1678 1909 1720 Naevii
1922 1680 2008 1732 pti··

324 1730 409 1770 liat.
428 1730 521 1771 inde
534 1730 577 1770 in
594 1745 638 1772 12
648 1762 657 1771 .
672 1733 834 1772 Lavinia
844 1734 1055 1784 inducitur,

382 1787 576 1841 flagrantes
580 1791 731 1845 perfufit
739 1805 867 1847 genas.

331 1843 473 1884 Cerda.

386 1901 530 1955 Tristior
553 1906 606 1947 (φ
628 1902 799 1944 lacrimis.
817 1904 837 1955 J
875 1901 1051 1946 Affefihls
1076 1902 1144 1945 ha-

329 1955 415 1998 bitu
427 1957 584 2012 prodire
600 1957 710 2002 solet.
739 1960 835 2002 Vide
857 1961 955 2015 apud
967 1961 1143 2004 Macrob.

328 2013 441 2067 Iib.4.
456 2028 581 2069 cap-1.
612 2024 796 2073 Hartung.

385 2074 592 2125 Lacrima]
629 2076 701 2115 Ille
722 2075 775 2115 est
799 2075 991 2115 maximus
1011 2074 1142 2125 dolor,

327 2128 394 2183 qui
406 2141 498 2170 ante
510 2132 616 2170 vocis
626 2144 823 2179 exortum,
843 2132 1038 2172 lachrimis
1051 2147 1142 2187 prze-

324 2185 554 2228 cedentibus
565 2215 581 2236 ‚
594 2190 810 2230 nunciatur.
841 2194 1018 2229 Donatus.

387 2248 507 2283 Oculos
508 2246 650 2299 fhfflfh
662 2247 850 2296 nitentis-J
879 2246 1036 2286 Nitidos
1047 2257 1143 2287 ocu-

326 2299 389 2340 los
399 2300 597 2342 lachrimis
612 2300 782 2357 perfusos
794 2301 953 2342 habens.
967 2307 1016 2343 Et
1029 2304 1082 2344 est
1094 2303 1142 2344 fi-

1189 1744 1256 1771 mo
1270 1731 1337 1772 lib.
1354 1731 1447 1775 belli
1459 1735 1604 1776 Punici.
1634 1739 1745 1775 Hart.

1244 1803 1336 1843 230.
1359 1796 1527 1833 'AEternis
1547 1794 1639 1847 regis
1649 1793 1762 1847 imp.]
1790 1789 1877 1840 Haec
1887 1803 2004 1832 com·-

1188 1848 1423 1887 memoratio
1449 1851 1632 1901 potentiae
1657 1849 1788 1895 Iovis,
1827 1848 1927 1903 quasi
1950 1847 2000 1890 ad

1183 1902 1375 1944 invidiam
1387 1904 1506 1959 pofita
1517 1905 1570 1947 est
1586 1905 1685 1952 ;h0c
1697 1905 1748 1946 est
1763 1932 1779 1954 ,
1798 1907 1862 1959 qui
1877 1917 2000 1960 omnp

1185 1971 1295 2013 potes
1308 1989 1322 2009 ,
1347 1974 1482 2002 contra
1495 1976 1533 2003 te
1547 1962 1709 2004 flesteris
1723 1997 1734 2011 ,
1762 1963 1803 2002 &
1816 1961 2002 2016 superflue

1187 2018 1325 2059 volunt
1348 2019 1506 2073 quidam
1532 2022 1640 2077 Regis
1662 2019 1710 2059 ad
1733 2019 1827 2059 deos
1839 2018 2003 2067 referri,

1186 2082 1308 2115 Terres
1319 2076 1364 2115 ad
1378 2076 1559 2117 homines
1572 2093 1583 2118 ε
1612 2073 1825 2117 nescientes
1836 2077 2000 2125 maioris

1185 2129 1258 2171 effe
1282 2133 1507 2185 potestatis;
1534 2133 1638 2174 idem
1662 2131 1764 2187 poffe
1775 2134 1873 2173 circa
1885 2133 2001 2183 deos,

1187 2189 1290 2243 quod
1303 2191 1399 2230 circa
1413 2190 1607 2230 homines.
1637 2193 1799 2230 Servius.

1235 2248 1440 2299 AEternis.]
1471 2251 1574 2301 Ergo
1599 2260 1683 2287 non
1708 2245 1795 2286 sunt
1818 2256 2002 2287 contem-

1184 2303 1312 2342 nenda
1325 2330 1339 2351 ‚
1364 2305 1482 2345 veluti
1498 2317 1555 2350 ea,
1578 2317 1657 2359 quae
1668 2303 1714 2343 ad
1732 2301 1999 2357 tempus‘sunt,

329 2370 422 2409 gura
435 2387 448 2404 ,
463 2372 543 2412 quae
556 2359 600 2399 fit
614 2387 630 2407 ‚
648 2361 827 2414 quotiens
837 2360 1040 2413 participio
1053 2374 1145 2414 prae-
1181 2358 1284 2413 quali
1297 2360 1397 2401 dicat
1409 2390 1424 2409 ‚
1451 2375 1537 2402 non
1550 2361 1714 2402 veniunt
1726 2360 1782 2401 dii
1795 2372 1929 2401 cont-ra
1939 2360 2007 2402 fa-

325 2414 435 2454 teriti
446 2416 633 2467 temporis
645 2414 668 2457 ἒι
682 2415 825 2470 paflivo
836 2445 848 2463 ,
873 2417 1071 2470 jungimus
1083 2430 1143 2457 ca·
1181 2427 1234 2455 ta.
1250 2422 1426 2459 Donatus.

309 2468 411 2511 *sum
430 2470 683 2526 accusativum
697 2485 711 2519 3
742 2484 816 2523 ut,
854 2475 1029 2527 Dejer'us
1054 2478 1141 2514 ani-

1237 2477 1281 2511 Et
1292 2477 1447 2524 fulmine
1471 2475 1623 2527 terres]
1654 2477 1746 2515 Non
1772 2472 1851 2514 fine
1888 2472 1998 2516 causa

324 2544 447 2575 mum,
473 2530 592 2585 moesta
613 2535 765 2571 vultum.
804 2530 983 2571 Dicendo
1012 2543 1143 2596 autem
1179 2529 1322 2579 adjecit
1354 2539 1490 2572 Terres.
1517 2531 1579 2571 Est
1601 2532 1710 2571 enim
1732 2530 1880 2572 fulmen
1894 2532 2000 2586 quod

325 2588 512 2632 Nitentis,
561 2586 733 2641 expressit
770 2588 891 2628 etiam
916 2587 1081 2628 nimiam
1105 2589 1148 2628 in
1181 2597 1344 2634 terreat,
1369 2588 1423 2628 est
1446 2587 1549 2642 quod
1573 2587 1704 2634 afflet,
1728 2588 1783 2628 est
1816 2590 2001 2643 quodpu·

325 2641 522 2684 lachrimis
534 2643 860 2697 pulchritudinem
877 2657 890 2690 3
904 2642 996 2684 ficut
1008 2645 1056 2684 de
1070 2651 1144 2685 Eu-

325 2701 434 2753 ryalo
446 2727 463 2748 ,
486 2701 742 2756 lachrimaeque
755 2701 896 2741 decorae.
922 2703 1085 2741 Servitls.

1185 2643 1296 2690 niat,
1323 2645 1429 2692 cujus
1460 2646 1515 2685 rei
1538 2645 1615 2684 late
1627 2655 1733 2696 patet
1754 2643 1996 2700 fignificatio.

1187 2703 1388 2741 Poetarum
1403 2712 1532 2742 autem
1545 2699 1779 2741 consuetudo
1804 2701 1856 2742 est
1870 2731 1884 2751 ‚
1908 2716 2002 2756 pto-

378 2769 469 2806 2²9·
525 2763 556 2795 ο
578 2760 642 2811 qui
660 2773 717 2798 res
738 2758 1006 2811 hominumque,
1034 2759 1143 2809 &ej
1182 2756 1263 2808 prie
1277 2754 1423 2811 semper
1439 2788 1451 2806 ‚
1479 2771 1569 2798 cum
1583 2760 1720 2812 Jovem
1737 2760 2009 2801 nominarunt?

329 2812 505 2853 Graviter
516 2815 649 2865 coepit.
685 2817 777 2854 Non
790 2815 895 2854 enim
909 2815 965 2853 ait
980 2842 996 2862 ,
1021 2813 1046 2854 ὂ
1071 2828 1136 2868 ge·
1187 2812 1384 2854 &fulmen
1397 2815 1630 2869 adjungere:
1655 2827 1697 2856 ut
1713 2843 1728 2862 ‚
1753 2816 1908 2857 Audiat
1931 2818 2002 2857 haec

328 2870 436 2908 nitor
460 2898 473 2916 ‚
495 2871 536 2909 ὃ(
561 2869 615 2910 est
644 2882 726 2911 tota
737 2870 1135 2917 orationisintentio,
1174 2874 1315 2924 genitor
1326 2875 1388 2927 qui
1387 2872 1529 2923 foedera
1529 2875 1685 2923 fulmine
1688 2875 1879 2926 fizncitAEt
1891 2884 1999 2923 ante,

323 2925 465 2973 iniuste
490 2928 615 2967 vexari
638 2924 659 2968 *a
687 2933 847 2986 Junone
858 2929 1066 2977 Troianos.
1096 2936 1137 2969 1—
1181 2930 1324 2969 anitor
1336 2933 1729 2984 cumfulminetorques.
1762 2931 1925 2970 Ser-vius.

326 2982 422 3023 dem.

1234 2988 1394 3025 Fulmine
1403 2998 1526 3026 terres.
1535 2986 1554 3037 ]
1564 2987 1700 3026 Dicam
1714 2986 1761 3025 de
1775 2987 1847 3026 hoc
1859 2989 1999 3036 &En-

383 3048 414 3079 O
436 3040 496 3094 qui
529 3056 586 3080 res
608 3040 849 3096 hominumque
863 3069 878 3090 ,
904 3041 1026 3092 effa]
1056 3040 1134 3081 Res'
1148 3071 1152 3097 5
1176 3040 1223 3080 ad
1249 3042 1345 3085 illud
1358 3070 1374 3095 ,
1387 3047 1544 3101 fulgores
1554 3061 1646 3086 nnnc
1670 3044 1875 3098 terrificos„
1900 3048 2001 3086 Cet-

322 3096 436 3150 pleua
453 3094 582 3139 subtili
597 3108 695 3146 arte,
707 3097 775 3141 ubi
788 3109 870 3141 non
886 3095 1134 3155 personarum
1147 3101 1152 3122 ‘

1183 3098 1239 3146 da·
1287 3145 1290 3147 ,

1688 3216 1692 3217 ⁷
1751 3157 2003 3217 231.Qe'cl.}
