2037 3787
301 115 416 188 814

798 109 1506 167 P.V.1RerL11

429 204 673 266 Succeffit
687 207 893 263 tumulo
910 245 927 270 ,
962 213 1015 264 &
1036 204 1240 284 depasta
1257 208 1427 265 altaria
1444 210 1610 290 liquit.

431 294 556 345 Hoc
573 288 734 367 magis
750 289 986 365 inceptos
1004 289 1225 368 genitori
1240 290 1473 349 instaurat
1491 296 1716 352 honores
1732 332 1752 362 9

345 396 417 452 95
436 378 666 428 Incertus
685 370 988 427 Geniumne
1002 372 1106 426 loci
1123 411 1139 437 ‚
1174 370 1487 432 famulumne
1503 378 1724 454 parentis

429 450 548 511 Effe
564 470 708 531 putet
727 477 740 509 ε
776 454 924 512 caedit
941 454 1119 532 quinas
1138 453 1202 509 de
1220 476 1368 513 more
1382 456 1602 516 bidentis
1619 500 1638 526 ‚

426 539 649 616 Totque
665 533 775 592 sues
790 576 808 603 ,
840 537 1062 594 totidem
1080 537 1324 618 nigrantis
1339 556 1482 619 terga
1497 544 1776 618 juvencos:

1803 623 1974 687 Vina*

312 774 428 800 mrem
443 775 454 798 .·
480 758 670 814 Primaque
682 759 923 812 libatoficmmo
935 769 1036 799 tenus
1056 769 1119 799 at*
1172 758 1438 813 morphosecssn
1451 759 1546 803 dicit
1556 789 1572 811 ,
1586 762 1773 818 loquente
1785 764 1976 821 PythagO=

304 819 389 858 tivit
402 831 469 855 ore.
507 819 643 855 Germ.

332 853 571 927 Uim-vitque
584 871 731 927 dapes]
761 875 847 911 Haec
866 884 979 912 coena
1003 871 1112 913 fune-

1159 829 1210 855 ra.
1242 817 1356 858 Idem.

1212 880 1372 914 Incertus
1386 877 1579 915 Geniumne
1592 879 1668 922 loci,
1670 880 1891 928 famulumne
1899 891 1967 932 pet-2

297 925 382 968 bris
395 930 602 969 vocabatur
616 930 925 979 silicernium,de
939 943 1015 984 quo
1031 934 1109 970 Gu-
1155 932 1303 982 renea]
1329 931 1521 971 Heroibus
1533 930 1629 972 sacer
1642 945 1722 973 erat
1742 940 1865 973 Draco
1879 963 1890 980 ,
1904 946 1962 974 te-

301 986 398 1026 ther.
415 987 461 1026 de
475 990 557 1034 jure
569 991 676 1027 Man.
693 986 718 1025 1.
735 999 768 1025 c.
785 987 850 1027 26.
882 988 985 1037 cujus
1009 988 1112 1026 vocis
1154 985 1206 1026 ste
1219 988 1387 1028 Turneb.
1418 990 1444 1028 l.
1465 1001 1524 1042 13.
1541 1002 1573 1029 c.
1596 1004 1653 1031 12.
1691 991 1793 1030 unde
1813 988 1967 1045 serpen-

301 1044 498 1097 originem
522 1044 640 1084 tradit
663 1043 919 1084 Kirchinann.
944 1045 997 1083 de-
1016 1048 1108 1084 Fun.
1158 1054 1239 1084 tem
1272 1044 1461 1085 famulum
1487 1049 1655 1099 patentis
1678 1061 1789 1087 vocat
1809 1053 1965 1091 AEneasae

304 1105 425 1142 Rom.
440 1101 522 1153 l-4.
539 1113 571 1140 c.
587 1116 624 1154 4.
653 1103 816 1142 innoxius
827 1101 951 1141 astive
963 1100 1117 1141 sumen-
1159 1101 1245 1141 vide
1269 1102 1457 1142 Plutarch.
1481 1104 1526 1143 in
1551 1105 1772 1145 Cleomene
1795 1106 1835 1145 δι
1850 1111 1986 1145 Atte-'

256 1196 259 1200 ,
304 1158 416 1204 dum,
444 1169 485 1199 ut
510 1160 607 1210 apud
632 1158 756 1198 Phaed.
783 1159 807 1198 l.
827 1158 950 1202 2.fab.
970 1172 1003 1199 2.
1019 1161 1119 1199 inno·
1164 1159 1373 1200 midorum.
1417 1161 1522 1215 quod
1559 1162 1656 1201 locis
1684 1164 1725 1201 &
1747 1161 1971 1215 regionibus

302 1218 385 1257 xius
397 1218 523 1255 viator
533 1217 597 1270 qui
612 1216 764 1255 nemini
775 1225 904 1256 nocet.
934 1222 1047 1257 Emm.

357 1273 531 1325 Rursus]
562 1272 664 1326 Qua
675 1273 925 1313 inimicorum
939 1272 1118 1313 manibus

298 1328 455 1372 fuerant
466 1329 653 1378 effoffi‚&
667 1330 807 1370 iterum
820 1329 881 1371 sua
894 1342 1010 1383 opera
1021 1343 1117 1370 con-

301 1386 401 1427 diti:
430 1387 533 1442 quod
547 1386 777 1428 beneficium
793 1415 805 1434 ,
832 1401 919 1428 cum
935 1399 1016 1427 non
1029 1385 1117 1427 sen-

298 1442 393 1484 serit
406 1455 581 1485 mortuus
594 1444 688 1486 dixit
700 1459 708 1483 :
720 1448 953 1500 nequicquam
964 1473 976 1493 ‚
992 1446 1030 1484 &
1046 1444 1115 1484 be-

303 1514 356 1547 ne
366 1515 409 1541 ex
420 1499 581 1553 persona
591 1501 691 1551 filii,
701 1504 766 1555 qui
779 1501 867 1542 vivo
881 1515 995 1556 quam
1008 1515 1117 1542 mor-

304 1570 375 1600 tuo
387 1556 620 1600 beneficium
634 1560 803 1613 praestare
816 1557 1017 1600 maluiflet.
1043 1566 1117 1601 Do-

305 1627 428 1657 natus.
534 1657 536 1661 Α

358 1686 427 1728 93.
458 1672 618 1729 Depasta
639 1674 809 1726 altaria]
849 1677 1009 1717 Altaria
1037 1669 1117 1728 spe-

302 1731 382 1771 cies
394 1743 543 1771 ararum
560 1760 572 1778 ,
596 1731 741 1786 depasta
752 1743 880 1771 autem
895 1759 908 1778 ,
934 1744 1017 1771 non
1030 1728 1054 1771 ἒ
1067 1728 1116 1771 se:

303 1791 406 1828 Nam
430 1785 539 1842 supra
562 1789 617 1827 ait
630 1817 642 1835 ,
671 1792 881 1843 Lihavz'tque
892 1788 1013 1844 dapes.
1046 1788 1117 1829 Sed

302 1843 379 1884 hoc
392 1844 486 1884 dicit
499 1873 512 1892 ,
527 1857 606 1885 tam
621 1846 689 1884 diu
701 1844 906 1898 permansit
921 1875 933 1893 ‚
949 1846 1118 1900 quandiu

301 1903 441 1942 cundia
452 1903 527 1942 aris
538 1900 769 1956 superpoiita
782 1900 883 1942 sacer
896 1904 998 1957 iguis
1009 1900 1118 1943 absu-

305 1970 442 2003 metet.
471 1962 629 2000 Servius.

361 2030 429 2070 95.
463 2020 660 2058 Geniumne
683 2017 784 2067 lot-12]
816 2014 919 2071 Qia
947 2015 1007 2066 (ut
1018 2015 1120 2056 dixi-

304 2074 415 2129 mus)
428 2075 555 2114 nullus
566 2075 671 2114 locus
685 2072 762 2113 fine
774 2076 896 2126 genio
908 2072 973 2112 est.
1008 2073 1116 2113 Idem.

364 2133 595 2172 famulumne
600 2133 797 2187 pare-utin]
826 2131 912 2170 Fuit
925 2129 1032 2169 enim
1046 2131 1122 2169 haec

307 2189 505 2236 maiorum
530 2185 767 2229 consuetudo
781 2215 792 2233 ‚
817 2185 910 2227 ficut
934 2186 1051 2226 hodie
1075 2199 1116 2226 a-

303 2244 383 2298 pud
408 2244 529 2285 Indos
551 2244 606 2285 est
618 2274 632 2293 ,
655 2256 698 2286 ut
710 2245 893 2299 quotiens
909 2256 1014 2297 reges
1029 2257 1119 2283 mo-

303 2300 507 2343 riebantur
518 2331 531 2350 ‚
555 2315 644 2342 cum
657 2302 716 2342 his
727 2302 862 2342 dilecti
873 2303 963 2355 equi
975 2302 1036 2341 vel
1047 2298 1122 2340 ser-

307 2359 346 2399 vi
361 2387 373 2405 ‚
388 2361 429 2399 δε
445 2373 520 2400 una
533 2359 581 2399 de
594 2358 775 2400 uxoribus
785 2359 936 2398 charior
948 2359 1043 2398 circa
1057 2371 1122 2398 ro-

304 2428 400 2469 gum
423 2415 535 2456 occifi
559 2417 871 2457 incenderentur.
905 2419 1013 2456 Inter
1022 2429 1119 2469 -qnas

307 2473 356 2512 de
381 2472 454 2513 hoc
476 2484 559 2514 erat
585 2487 727 2528 magna
736 2474 957 2513 contentio.
989 2472 1119 2512 Poflu-

309 2542 397 2570 mus
418 2544 513 2585 ergo
526 2534 705 2582 fiemulum
720 2559 732 2577 ‚
756 2529 905 2571 servum
930 2529 1117 2583 sepultum

307 2600 396 2627 cum
409 2586 580 2628 Anchisa
593 2589 764 2642 accipere
780 2603 789 2627 :
802 2601 917 2641 quem
931 2602 996 2641 per
1009 2592 1119 2640 Apo-

307 2643 459 2685 theosin
471 2645 584 2686 deum
599 2644 766 2685 ostendit
779 2645 971 2686 effectum.
1004 2645 1122 2686 unde

307 2702 345 2741 ei
369 2701 560 2744 famulum
571 2702 636 2742 dat
648 2702 748 2757 quasi
763 2702 1001 2742 ministrum.
1031 2703 1121 2743 Sin-

309 2760 398 2812 gula
421 2760 530 2800 enim
559 2762 722 2800 numina
748 2759 892 2799 habent
917 2759 1122 2800 inferiores

308 2816 516 2868 potestates
541 2816 642 2871 quasi
655 2817 869 2857 ministras:
902 2829 945 2857 ut
957 2846 968 2863 ,
993 2823 1124 2857 Venus

311 2873 517 2913 Adonim:
551 2875 681 2914 Diana
708 2874 904 2915 virbium.
932 2880 1013 2914 Aut
1022 2884 1126 2914 certe

307 2927 516 2970 secundum
538 2932 796 2985 Pythagoram
819 2932 940 2977 dicit,
966 2932 1030 2985 qui
1046 2932 1123 2983 pri-

312 2999 397 3026 mus
417 2987 675 3040 deprehendit
689 2989 735 3028 de
749 2989 917 3029 medulla
932 2987 1141 3035 hominis‚·

311 3056 394 3097 quae
405 3043 456 3084 est
471 3045 511 3084 in
524 3043 628 3096 spina
646 3074 659 3093 ‚
682 3059 849 3099 anguem
861 3047 980 3086 creari
996 3047 1121 3099 :quod

1159 1216 1366 1257 attributus
1403 1216 1446 1257 fit
1470 1215 1553 1257 suus
1570 1219 1717 1258 Genius
1733 1249 1745 1266 ‚
1778 1220 1839 1260 vel
1865 1225 1977 1260 Deus

1165 1271 1302 1314 Meurs.
1342 1274 1513 1328 pluribus
1547 1275 1660 1317 docet
1693 1276 1743 1316 ad
1780 1276 1972 1332 Lycophta

1164 1343 1200 1384 p.
1218 1333 1312 1385 346.
1342 1333 1548 1386 Emmeneffi

1222 1389 1291 1443 96.
1322 1390 1557 1445 ,Qinamssn
1573 1393 1757 1429 Romano
1768 1387 1902 1429 codice
1913 1389 1971 1429 le-

1165 1457 1254 1497 gere
1269 1444 1337 1490 est‚
1353 1451 1468 1486 biam.
1491 1460 1612 1501 neque
1625 1443 1760 1485 desunt
1772 1446 1835 1501 qui
1849 1445 1979 1486 mani-

1164 1501 1232 1542 bus
1248 1504 1328 1556 pari
1341 1516 1505 1544 numero
1520 1502 1658 1542 hostias
1671 1503 1828 1544 mastari
1840 1500 1972 1543 solitas

1166 1560 1309 1600 dicant.
1359 1562 1405 1600 In
1431 1560 1654 1615 quibusdam
1676 1561 1762 1600 aliis
1786 1561 1980 1614 exempla-

1165 1618 1269 1658 ribus
1282 1616 1461 1671 scriptum
1475 1616 1667 1664 observes,
1678 1619 1845 1673 caeditque
1857 1619 1978 1664 binas,

1166 1675 1273 1730 quod
1313 1674 1413 1715 mihi
1440 1674 1655 1715 subindicat
1683 1678 1811 1729 qui-mu
1839 1675 1982 1728 legen·

1170 1733 1275 1772 dum.
1306 1732 1505 1787 Siquidem
1530 1729 1656 1785 usaepe
1669 1732 1809 1772 mutari
1822 1728 1980 1772 solitum

1167 1790 1210 1828 in
1225 1789 1408 1830 bliteram
1430 1789 1628 1829 adnotavi.
1660 1789 1788 1841 postea
1814 1788 1977 1836 interje-

1174 1847 1278 1886 &um
1300 1845 1353 1886 est
1373 1847 1562 1900 punstum
1581 1859 1590 1886 :
1614 1845 1716 1900 quod
1733 1863 1755 1901 q
1768 1843 1790 1886 ὲ
1804 1845 1980 1886 diffione

1170 1902 1216 1942 fic
1239 1901 1374 1956 scripta
1402 1905 1526 1958 qbinas
1537 1900 1800 1956 diffepararet:
1831 1903 1980 1957 ignari·

1170 1973 1243 2014 que
1268 1962 1361 2000 artis
1383 1961 1574 2010 metticae,
1602 1961 1785 2016 caeditque
1808 1959 1983 2000 {simule-

1168 2017 1339 2071 gendum
1364 2030 1556 2069 putavere.
1612 2020 1738 2072 qui-aas
1762 2028 1857 2057 vero
1878 2015 1986 2056 bona

1174 2087 1257 2127 pars
1283 2088 1455 2113 veterum
1467 2074 1644 2113 codicum
1656 2073 1783 2114 habet.
1811 2077 1902 2137 Iam
1915 2086 1983 2113 ve·

1173 2142 1219 2170 ro
1232 2133 1387 2171 bii-lentis
1401 2133 1441 2171 &
1455 2134 1633 2187 nigrantis
1644 2144 1708 2186 per
1722 2132 1880 2186 ipaflim
1893 2127 1985 2173 scri-

1173 2186 1352 2242 prasunt.
1386 2192 1540 2228 Pierius.
1892 2212 1897 2217 -

1229 2250 1372 2299 [ζύγια]
1394 2247 1555 2286 bidentes
1569 2273 1580 2292 ,
1598 2250 1727 2300 Totque
1729 2245 1859 2298 suen]
1885 2246 1987 2285 Turr-

1176 2302 1252 2341 neb
1280 2304 1309 2342 l.
1329 2317 1386 2354 ¹4·
1403 2316 1482 2354 c.4.
1510 2314 1618 2356 putat
1631 2298 1752 2356 genus
1763 2301 1858 2343 illud
1873 2299 1986 2342 sacri-

1170 2359 1250 2398 ficii
1265 2360 1323 2399 hic
1333 2359 1536 2413 significari
1547 2390 1559 2407 ‚
1573 2359 1677 2415 quod
1693 2362 1906 2399 Solitaurilia
1916 2371 1984 2413 ap-

1171 2417 1366 2470 pellabant·
1380 2446 1392 2463 ,
1416 2416 1467 2456 ab
1489 2418 1770 2458 immolatione
1781 2415 1889 2458 suum
1903 2444 1916 2464 ,
1940 2424 1998 2456 o-'

1173 2475 1279 2514 vium
1295 2504 1306 2521 ‚
1331 2473 1464 2515 boum.
1510 2481 1571 2516 De
1595 2473 1734 2530 quibus
1758 2473 1916 2521 Festus,
1942 2474 1986 2514 &

1172 2532 1353 2585 praecipue
1380 2533 1473 2573 Scal.
1503 2532 1551 2572 ad
1565 2533 1727 2573 Festum.
1761 2535 1841 2573 Cur
1855 2541 1984 2571 autem

1171 2593 1378 2644 quinarium
1388 2606 1570 2631 numerum
1581 2591 1747 2630 inculcet
1759 2618 1775 2638 ,
1800 2587 1990 2641 subtiliter

1174 2645 1342 2699 disputat
1390 2647 1557 2687 Servius.
1614 2647 1699 2687 Alii
1731 2647 1779 2688 ad
1818 2642 1988 2696 ejusdem

1177 2705 1329 2743 numeri
1355 2704 1561 2744 mirificam
1586 2705 1806 2757 potentiam
1818 2701 1990 2747 trahunt,

1175 2773 1248 2815 qua
1274 2774 1345 2802 nec
1358 2765 1560 2813 septenario
1572 2763 1666 2800 alias
1678 2757 1986 2802 decantatiffimo

1174 2818 1296 2858 cedat.
1326 2819 1506 2860 videatur
1519 2823 1562 2858 L.
1579 2817 1814 2859 Hortensius·
1843 2818 1987 2858 Taubm.

1235 2876 1431 2928 Bidentis]
1469 2877 1599 2932 ‘Quare
1625 2877 1671 2916 in
1695 2877 1821 2929 pretio
1841 2872 1991 2914 fuerint

1176 2930 1380 2981 bIdentes,
1413 2935 1453 2973 &
1479 2934 1525 2972 de
1551 2933 1704 2988 origine
1728 2933 1832 2973 vocis
1844 2928 1991 2971 erudite

1172 2987 1340 3042 disputa-t
1352 2989 1754 3030 Boch.inHis't.ovium
1768 2988 1990 3040 l.2.c.43.E·

1243 3060 1312 3098 97.
1358 3051 1548 3104 Nigrantis
1570 3049 1705 3107 tergm]
1745 3049 1864 3102 Nigra
1886 3053 1991 3097 terga

310 3101 432 3141 etiam
456 3101 619 3144 Ovidius
630 3104 672 3144 in
685 3104 1121 3159 quimodecimoMeta-
1176 3103 1376 3147 habentes.
1406 3109 1563 3146 Servius„

1799 3159 1863 3213 98.
1881 3158 1996 3198 Vina»
