2037 3787
461 162 1018 231 Enntno's
1103 162 1371 255 L10'12‘414

1656 161 1723 244 '53

174 278 348 340 'AEolus
363 275 472 336 haec
487 293 699 335 contra:
746 278 898 332 Tuus
915 307 933 337 ,
965 265 1001 328 ὂ
1021 270 1195 351 regina
1210 308 1228 337 ‚
1263 264 1391 349 quid
1408 280 1560 346 optes

57 499 101 531 ut
111 487 182 530 hoc
193 489 280 529 l'oco
294 518 306 536 ,
327 499 512 545 parentem
521 487 669 543 pulchra
680 491 770 541 prole
784 515 799 536 ,
825 486 863 528 id

17 593 19 596 Α
50 545 126 593 cst,
153 546 311 599 pulchrae
330 547 464 599 prolis.
495 548 544 584 Et
556 544 777 598 fimpliciter
801 546 861 585 in-

49 602 303 656 telligendum
326 601 379 642 est
405 617 415 642 ι
452 613 580 642 errant
604 614 774 656 namque
795 602 859 657 qui

51 657 186 713 dicunt
210 659 301 700 ideo
325 658 474 700 Pulchra
494 655 626 698 dixisse
651 685 664 704 ,
704 670 858 711 propter

53 717 246 756 Canacen]
274 718 314 757 &
340 720 559 755 Macareum
584 715 625 754 in
640 713 858 756 seinvicem

50 770 284 824 turpiffimos
306 771 469 819 fratres3
492 772 551 810 illi
574 773 681 812 enim
704 773 861 813 alterius

54 827 416 869 AEolifiliifuerunt.
446 832 602 868 Servium
727 840 734 847 ·

107 886 256 926 Pulchra
264 890 383 937 faciat
402 897 437 926 te
453 886 587 942 prole.]
617 888 716 925 Nam
749 884 859 924 exle-

51 940 197 993 gitimo
222 944 263 983 &
288 940 414 983 stabili
436 941 635 982 connubio
647 941 722 981 haec
734 941 861 995 proles

50 995 244 1050 speranda.
282 1000 443 1040 Extollit
466 1000 583 1039 etiam
597 1011 735 1038 munus
749 1026 760 1044 ,
787 997 860 1050 priss

54 1052 200 1096 mutua
224 1069 386 1097 numero
409 1055 470 1096 bis
491 1054 634 1109 septem
650 1082 663 1101 ,
686 1051 862 1095 deindeii

51 1112 250 1168 qualitate.
279 1118 457 1154 Donatus.

110 1170 264 1209 Pulchra
287 1182 323 1210 te
344 1174 438 1226 prole
455 1167 678 1223 parentem]
704 1167 864 1224 Qanto

50 1223 128 1280 1225:
141 1227 294 1273 melius,
307 1218 441 1281 (inqu'ie
450 1225 767 1280 scalig.tib.4‚cap.
777 1225 863 1272 16.)

55 1295 172 1336 quam
182 1282 209 1322 fi
222 1283 339 1332 dicat,
352 1286 478 1323 Puriat
487 1284 556 1322 tihi
567 1282 702 1321 liberos.
733 1282 863 1330 Idem,

56 1341 150 1379 Non
187 1337 332 1386 solam,
363 1343 507 1393 inquit,
533 1338 732 1391 pollicetur
754 1338 862 1378 oble0

56 1396 270 1437 &ationem
288 1423 305 1445 ,
337 1396 441 1450 quod
466 1394 670 1434 bestiarum
693 1393 767 1433 est:
799 1393 861 1436 sed

57 1453 100 1491 &
112 1453 258 1505 prolem
273 1481 288 1502 ,
311 1455 417 1502 cujus
429 1450 552 1506 gratia
564 1452 861 1493 matrimonium

55 1507 111 1549 est
125 1507 350 1549 institutum.
367 1509 438 1549 lib.
460 1525 494 1562 ς.
511 1522 592 1561 cap.
610 1521 646 1561 3.
680 1514 810 1562 Atque
823 1523 863 1550 ut

54 1565 98 1606 in
109 1565 226 1618 priori
239 1564 344 1606 versu
354 1566 647 1620 perpetuitatem
660 1567 865 1606 matrimo-

59 1622 115 1662 nii
128 1624 352 1676 pollicetur,
379 1625 434 1662 ita
460 1625 501 1662 in
529 1621 601 1662 hoc
623 1622 879 1663 felicitatem:-

59 1679 244 1719 nimitum
257 1682 418 1733 prolem,
433 1682 472 1719 ὅ(
485 1679 640 1733 quidem
653 1679 863 1732 pulchram.

64 1739 163 1776 Nam
189 1736 249 1790 (ut
272 1736 325 1777 est
349 1737 446 1790 apud
472 1739 620 1776 Platon.
650 1737 807 1791 Dialog.
824 1738 864 1778 6.

58 1797 122 1834 De
147 1799 238 1847 Leg.
256 1794 548 1848 &Legumlat.)
581 1793 752 1846 cogitare
776 1807 865 1834 om—

57 1848 157 1890 nino
179 1848 342 1903 Sponsus
366 1853 406 1890 ὅ(
428 1849 568 1904 Sponsa
582 1850 753 1898 debent,
787 1865 864 1905 quo

61 1908 173 1959 pasto
197 1921 310 1962 quam
338 1907 615 1960 pulcherrimos
639 1909 679 1948 δε
694 1910 867 1961 optimos

56 1964 210 2004 civitati
235 1963 377 2004 liberos
392 1963 532 2017 poffint
544 1978 752 2017 procreare.
785 1971 867 2006 Do-

61 2031 174 2062 natus
188 2019 251 2060 hic
279 2023 469 2061 Pulchram
490 2027 620 2075 prolem
635 2050 647 2068 ,
680 2035 760 2062 non
787 2035 869 2062 cor-

58 2079 188 2130 poris,
215 2075 277 2117 sed
304 2079 455 2132 generis
486 2077 684 2118 honestate
710 2079 867 2119 decora-

58 2144 139 2173 tam
151 2135 479 2187 interpretatur.ut
491 2149 578 2175 cum
593 2135 754 2176 inferius
771 2139 866 2178 Poe-

55 2199 96 2229 ta
119 2191 312 2244 originem
324 2189 481 2232 caesaris
493 2190 679 2233 adsereret
693 2190 714 2232 ὲ
728 2196 867 2242 ’froja-

58 2247 122 2286 nis
142 2245 399 2295 descendere,
425 2250 464 2288 ὅς
490 2249 586 2289 hanc
601 2251 865 2303 parteminter

57 2302 187 2343 laudes
199 2305 280 2352 ejus
291 2317 451 2357 poneret
463 2318 477 2351 3
507 2310 683 2359 Nascetur
696 2336 707 2354 ‚
722 2308 865 2361 inquit,

49 2361 202 2416 pulchra
219 2366 524 2417 Trojanusvrigz'ne
549 2366 674 2415 Caefizr.
707 2361 865 2412 scilicet,

58 2418 210 2457 Pulchra
221 2430 303 2456 non
317 2431 489 2471 corpore,
520 2416 581 2457 sed
595 2421 780 2459 natalium
795 2421 863 2459 ho-

61 2472 216 2513 nestate.
245 2473 442 2528 ἀρχαϊκῶς
455 2486 582 2514 autem
598 2477 636 2514 ὅ(
651 2488 759 2515 more
782 2477 863 2524 suo,

50 2527 199 2585 pulchra?
207 2534 300 2586 prole
308 2544 492 2587 parentem
505 2560 518 2578 ‚
545 2531 641 2572 dixit
663 2533 705 2572 in
719 2531 802 2572 casu
812 2531 866 2574 se-

58 2587 183 2640 ptimo
195 2616 208 2634 ,
239 2600 329 2640 pro,
341 2589 622 2643 pulchraeprolio'.
653 2588 821 2629 Taubm.

46 2676 49 2678 .
115 2644 264 2684 Pulchra
267 2647 389 2694 faciat
404 2657 438 2683 te
446 2648 538 2699 prole
557 2648 781 2700 parentem.]
808 2648 866 2687 Sic

43 2735 48 2739 .
61 2701 244 2752 Apuleius
255 2703 277 2740 l.
287 2702 326 2742 6.
340 2706 501 2741 Metam.
530 2702 624 2742 uncle
637 2720 690 2742 me
697 2708 866 2758 praeclara

49 2757 160 2809 fiabole
180 2761 305 2798 aviam
329 2760 470 2798 beatam
483 2761 620 2813 scilicet
633 2763 766 2810 faciat.
794 2773 865 2812 pro

50 2816 182 2863 facere.
227 2819 372 2855 Lucret.
395 2817 418 2855 l.
440 2830 476 2866 ς.
516 2819 698 2870 procudere
717 2821 864 2873 prolem.

43 2868 156 2911 -Vide
170 2870 385 2912 Gifanium.
416 2875 623 2926 Emmeneffi

116 2927 184 2974 76.
213 2932 323 2969 AEolus
335 2929 442 2980 hom]
460 2929 575 2969 Deest
587 2929 808 2984 dixit.quod
823 2944 867 2970 ex

9 3019 17 3030 .›
58 2981 319 3046 posteriorbus
343 2986 598 3041 intelligitur,
624 2985 783 3041 utsupra
795 3001 866 3028 no-

17 3050 235 3082 Q-tavlmUS.
264 3045 419 3082 Servius.

114 3103 226 3137 AEolus
238 3098 307 3138 haec
319 3111 447 3139 contra.
456 3099 571 3151 ]Non
582 3111 717 3140 contra
729 3102 867 3141 volun-

1611 348 1722 405 Ex-

914 481 1023 523 enim
1046 480 1096 524 ad
1107 481 1260 536 praemia
1271 478 1480 534 respondet
1494 507 1511 527 ‚
1536 490 1585 517 ne
1598 475 1730 516 videa-

920 543 980 579 tur
1005 538 1353 584 moverilibidine5
1380 549 1421 577 ut
1433 537 1549 576 Paris.
1583 532 1732 573 Reddi-

918 594 1148 636 benevolam
1163 625 1175 643 ,
1197 608 1286 636 cum
1297 596 1393 635 dicit
1405 591 1656 633 discernendo
1670 588 1731 629 of-

913 651 999 690 ficia
1013 666 1023 690 :
1037 657 1165 694 Tuum
1178 651 1231 692 est
1243 652 1375 704 jubere
1387 679 1399 699 ‚
1414 662 1548 690 meum
1557 647 1731 700 comple·

914 720 954 747 re
965 707 1067 758 juffi.
1097 715 1213 749 Donat
1221 725 1271 749 us.

969 769 1085 806 AEolus
1097 766 1168 806 haec
1181 777 1308 806 contra.
1317 762 1450 818 ]Brevi
1461 759 1643 802 Orationi
1657 772 1729 813 op-

913 822 1026 877 ponit
1051 835 1121 874 pro
1146 837 1187 862 re
1208 820 1302 871 >nata
1334 822 1486 861 brevius
1499 814 1727 872 responsum

915 881 1049 921 ffiolus
1067 907 1077 924 ,
1102 880 1143 918 &
1169 877 1370 918 beneficiis
1396 877 1566 933 J'unonis
1589 887 1677 928 erga
1690 873 1729 915 se

915 936 1147 990 exaggeratis
1173 947 1337 975 omnem
1362 933 1429 986 ipfi
1442 945 1599 986 operam
1614 932 1733 985 polli-

913 1005 1019 1034 cetur
1034 1021 1046 1039 ,
1076 1004 1189 1046 atque
1217 993 1340 1031 etiam
1354 989 1513 1044 praestat.
1545 993 1657 1030 AEolus
1673 986 1730 1027 est

915 1051 1048 1105 imago
1071 1050 1285 1089 aulicorum
1311 1045 1557 1101 parasitorum
1582 1045 1733 1099 (inquit

915 1108 1130 1157 Victorius)
1147 1106 1430 1146 colludentium
1441 1115 1528 1143 cum
1539 1102 1730 1141 dominis.

917 1168 1008 1205 Non
1020 1164 1129 1204 enim
1143 1160 1305 1216 disputat
1317 1161 1379 1201 hic
1390 1162 1524 1202 AEolus
1549 1158 1596 1198 de
1622 1163 1731 1214 Jure:

917 1226 983 1261 An
995 1221 1089 1272 juste
1100 1219 1228 1267 faciat,
1259 1233 1308 1258 an
1322 1216 1426 1258 secus
1442 1245 1456 1264 ,
1467 1214 1660 1257 turbando
1672 1216 1730 1254 al·

916 1279 1033 1318 terius
1055 1291 1217 1332 regnum
1231 1305 1245 1324 ,
1272 1278 1313 1316 δε
1326 1277 1430 1328 piam
1443 1285 1600 1327 gentem
1616 1283 1733 1326 atque

915 1332 1079 1375 exsulem
1093 1333 1280 1375 vexando:
1294 1331 1356 1373 sed
1369 1331 1498 1371 statim
1512 1331 1559 1370 ad
1574 1331 1734 1383 Reginae

912 1392 1074 1434 affestus
1106 1391 1275 1433 inflectit
1303 1392 1345 1430 &
1368 1387 1592 1429 conformat
1630 1386 1741 1427 suos..

920 1451 1063 1491 Taubm.

973 1505 1148 1562 Reginca]
1162 1502 1363 1544 Inferioris
1376 1500 1542 1556 persona:
1553 1511 1735 1541 reveren-

914 1563 967 1601 tia
980 1563 1050 1612 est,
1067 1564 1259 1611 majorem
1276 1561 1425 1600 meritis
1436 1559 1637 1612 appellare,
1645 1569 1730 1597 non

917 1621 1092 1660 nomine.
1137 1623 1287 1658 Contra
1304 1647 1315 1664 ,
1339 1618 1500 1666 majoris
1523 1615 1577 1655 est
1600 1614 1735 1653 mino-

915 1690 996 1716 rem
1013 1676 1179 1717 nomine
1191 1685 1344 1715 tantum
1370 1686 1516 1714 vocare.
1547 1672 1610 1726 qui
1635 1670 1733 1710 ordo

918 1747 1001 1774 non
1018 1732 1086 1774 nifi
1100 1732 1491 1787 perindignationem
1516 1728 1736 1780 corrumpi-

921 1802 1004 1831 tur:
1028 1803 1069 1832 ut
1083 1792 1125 1830 in
1138 1790 1370 1830 duodecimo
1383 1816 1399 1837 ,
1431 1793 1541 1841 Sages
1553 1787 1596 1825 in
1608 1797 1732 1826 extre-

921 1849 997 1887 mis
1020 1847 1135 1889 rebus
1149 1876 1160 1894 ,
1186 1849 1364 1886 Turnum
1382 1873 1396 1893 ‚
1423 1858 1506 1885 non
1519 1856 1649 1897 regem
1663 1855 1732 1881 vo-

917 1916 1003 1945 cat:
1030 1916 1090 1954 ut,
1122 1907 1281 1958 Ruitque
1293 1906 1483 1957 implorans
1494 1904 1631 1941 nomine
1644 1908 1735 1940 Tur-

921 1980 1015 2003 num.
1048 1967 1097 2002 Et
1109 1960 1202 2002 alibi
1216 1961 1266 2000 de
1280 1959 1441 1999 Aristaeo
1455 1987 1470 2008 ,
1500 1964 1544 1999 Et
1555 1969 1591 1998 te
1605 1957 1735 1998 crude-

922 2023 988 2060 lem
1000 2023 1135 2059 nomine
1147 2020 1246 2058 dicit.
1283 2017 1442 2057 Servius.
1648 2050 1651 2053 .

988 2084 1077 2116 Tuus
1094 2105 1105 2123 ,
1140 2075 1156 2115 ὃ
1177 2077 1300 2126 regina
1316 2103 1327 2121 ‚
1353 2073 1441 2128 quid
1462 2071 1594 2123 optes]
1631 2074 1679 2109 Et
1704 2068 1733 2110 fi

919 2134 1042 2186 placet
1064 2135 1151 2189 quid
1173 2125 1424 2171 indefinitum
1437 2157 1451 2177 ‚
1476 2131 1518 2169 in
1545 2125 1734 2182 plerisque

918 2202 1053 2230 tamen
1067 2189 1267 2230 codicibus
1281 2187 1435 2228 vetustis
1454 2186 1543 2239 quod
1560 2184 1734 2225 habetur:

915 2248 1030 2302 idque
1041 2246 1181 2287 alicubi
1205 2260 1271 2301 per
1284 2259 1298 2287 t
1310 2245 1579 2291 fina1e‚nonut
1591 2255 1732 2282 nume-

919 2318 1006 2344 rum
1029 2304 1217 2359 fignificet
1232 2332 1244 2350 ‚
1274 2300 1337 2342 sed
1349 2303 1463 2355 quiat
1479 2302 1519 2340 &
1533 2300 1559 2339 d
1571 2298 1735 2338 indiffe-

917 2366 1048 2401 renter
1060 2362 1155 2415 poni
1169 2372 1251 2401 tam
1268 2361 1309 2399 in
1323 2358 1464 2399 tabulis
1475 2357 1604 2404 aeneis,
1617 2369 1733 2410 quarn

921 2420 964 2456 in
979 2431 1218 2457 marmorum
1233 2415 1504 2456 monumentis
1516 2440 1532 2463 ,
1561 2413 1659 2467 apud
1673 2425 1736 2453 ve-

919 2486 1016 2513 teres
1031 2472 1286 2513 observatum.
1320 2476 1413 2512 Pier.

980 2537 1010 2569 O
1034 2533 1191 2585 regi-am]
1233 2528 1434 2569 Inferioris
1446 2525 1613 2580 personae
1626 2539 1736 2566 reve-

919 2589 1046 2627 rentia
1060 2587 1111 2627 est
1129 2616 1145 2636 ‚
1169 2589 1360 2635 majorem
1376 2586 1512 2625 meritis
1525 2586 1735 2638 appellare,

922 2657 1005 2683 non
1016 2647 1167 2684 nomine.
1197 2640 1353 2683 Contrh
1374 2671 1386 2689 ,
1402 2642 1564 2688 maioris
1576 2639 1646 2688 est,
1661 2642 1738 2680 mi-

919 2714 1057 2741 norem
1081 2712 1234 2740 rantum
1260 2701 1423 2740 nomine
1448 2711 1595 2738 vocare.
1654 2697 1738 2754 Qi

922 2758 1020 2798 ordo
1043 2772 1125 2798 non
1151 2756 1221 2798 nifi
1246 2755 1640 2811 perindignationem
1652 2768 1741 2794 cor-

922 2816 1110 2868 rumpitur
1126 2843 1138 2857 ,
1163 2826 1206 2854 ut
1231 2814 1273 2854 in
1303 2828 1367 2856 12.
1382 2820 1471 2854 AEn.
1489 2817 1600 2865 Sages
1617 2813 1658 2852 in
1671 2825 1732 2851 ex-

919 2873 1056 2912 tremis
1080 2871 1194 2913 rebus
1217 2878 1369 2913 Turnum
1382 2899 1394 2918 ,
1421 2883 1505 2910 non
1519 2875 1649 2926 Regem
1664 2882 1733 2909 vo-

924 2943 984 2969 cat
1002 2944 1012 2967 ε
1043 2940 1084 2970 ut

976 3007 1053 3017 —-
1081 2990 1223 3042 ruitque
1259 2988 1448 3041 implorans
1483 2986 1621 3024 nomine
1645 2989 1735 3024 Tur-

1182 3059 1280 3083 num.

919 3101 1017 3140 Vide
1045 3103 1093 3140 N.
1110 3114 1150 3152 4.
1177 3104 1225 3140 G.
1259 3096 1321 3149 ybs.
1341 3112 1430 3153 321.
1458 3088 1504 3136 ⁸&
1529 3096 1575 3136 ad
1592 3095 1738 3148 Amph.

69 3161 190 3196 tatem
207 3158 376 3211 Junonis
391 3183 402 3205 ,
416 3153 479 3198 sed
491 3168 629 3202 contrat
640 3157 766 3204 verba.
794 3170 878 3203 non
922 3159 1043 3199 Plauti
1056 3159 1131 3200 ast.
1144 3172 1225 3212 t,3-
1260 3155 1321 3195 Est
1334 3151 1557 3211 responsum
1570 3152 1632 3194 hic
1645 3154 1740 3192 auli-

1227 3218 1266 3255 D
1303 3228 1323 3267 3
1641 3222 1747 3262 cum,
