2037 3787
456 132 521 193 ΖΕ·
546 149 587 188 N
618 147 787 189 aaa)
816 148 863 185 ‘0
901 145 924 185 s

1010 128 1105 183 L'i
1127 124 1269 186 B.1'I.
1616 126 1733 195 :231

50 263 82 302 ;.-
96 260 116 293 ὲ,
127 263 137 294 ;
148 234 406 309 Personat
419 231 589 290 aurata
598 252 622 299 ·,
636 276 639 281 .
658 227 837 288 docuit
853 249 1011 307 quem
1027 222 1288 286 maximus‘
1301 220 1488 288 Atlasss'
1551 227 1561 269 5
1581 228 1589 278 Ῐ

56 348 64 378 :
99 318 419 382 Hictanit
437 331 697 386 errantem
713 311 887 386 lunam
908 351 925 379 ‚
956 306 1177 391 solisque
1194 305 1435 384 labores3
1475 356 1479 360 .

1553 388 1718 453 Unde

43 519 85 562 p.
104 518 198 560 373.v
211 503 288 545 -ubi
300 499 604 543 delineationem
618 496 860 552 quorundam
915 504 1040 534 mano
1067 492 1201 534 codice
1216 521 1229 540 ,
1259 492 1302 534 &
1328 489 1556 547 quibusdam
1569 492 1727 532 aliis'le-

37 563 393 605 *instrumentorum
435 556 750 596 harmonicorum
792 553 858 593 ha-
910 562 998 602 gere
1011 549 1064 590 est
1089 580 1102 598 ‚
1127 550 1244 590 docuit
1256 566 1359 604 quem
1373 553 1548 590 maximus
1559 553 1728 591 Atlans>

39 619 124 660 bes.
155 623 300 663 vates',
321 613 441 661 κωφοὶ
465 614 560 653 disti
585 609 672 651 sunt
714 608 857 651 musici.
911 604 1053 646 sedeur
1066 605 1418 667 ,Atlams-distum
1431 603 1620 660 superius,
1658 606 1729 649 ubi

40 675 327 731 Qintilianum
340 668 496 712 consule
509 670 556 710 de
570 668 803 723 antiquitate
816 670 857 708 δε
908 662 954 703 de
978 664 1177 715 Thensauro
1198 663 1447 715 disputatum.
1481 662 1603 718 Qod
1631 676 1727 705 vero

43 732 295 773 veneratione
316 726 496 774 mufices,
527 727 592 782 qui
606 726 705 767 hunc
718 726 856 765 Maro-

40 788 106 829 nis
131 790 262 827 locum
286 785 432 840 profert
457 786 485 824 l.
503 797 540 825 1.
565 796 598 823 c.
621 796 680 824 ιο.
698 783 738 821 &
753 778 854 822 voss:

904 719 1044 773 legitur
1052 719 1169 760 docuit
1180 735 1288 773 quem
1296 747 1311 768 ,
1323 732 1412 759 mos
1423 718 1477 760 est
1490 720 1622 760 Poetis
1634 733 1728 774 prx-

905 774 1039 815 stantis
1050 776 1178 830 aliqua
1192 776 1372 816 doctrina
1385 777 1487 817 viros
1502 773 1525 817 a
1541 778 1643 826 Dua,
1665 779 1726 820 vel

39 847 90 885 de
101 856 182 884 nat.
196 855 268 884 art.
286 847 434 883 crinitos
447 869 459 887 ,
485 851 633 880 comatos
648 865 664 886 ,
677 837 857 893 capillatos
904 831 954 871 ab
964 831 1158 872 Hetolbus
1170 832 1309 873 dOstOS
1320 830 1535 874 asseverare.
1545 838 1593 875 In
1607 835 1726 891 quin-

40 901 243 942 nominari
256 901 460 940 cultiorem
477 899 518 937 &
532 896 724 947 juniorem
738 892 856 934 fami-

43 958 143 999 liam
165 957 278 998 docet
299 970 343 997 ex
368 952 561 996 veteribus
580 950 783 1006 Pignorius
808 950 856 991 de

41 1015 168 1055 Servis
177 1027 212 1068 p.
230 1014 296 1055 28.
325 1013 533 1065 Emmeneffi

101 1085 194 1122 741.
228 1071 431 1123 Perfimatq
460 1062 856 1120 mopm'gwertendit

42 1130 101 1168 M.
118 1132 216 1168 Ant.
244 1127 498 1179 Majoragius,
526 1122 669 1163 Praefat.
684 1121 726 1161 in
742 1120 852 1161 Pind.

44 1184 146 1237 apud
174 1185 356 1237 antiquos
377 1181 540 1223 eandem
565 1180 735 1219 omnino
747 1175 854 1218 fuisse

45 1248 172 1293 Lyram
196 1243 235 1280 ὅ(
254 1241 446 1280 citharam.
481 1236 552 1277 Sed
567 1247 697 1275 tamen
709 1232 854 1274 diversa

40 1296 150 1338 fuisse
177 1296 426 1337 instrumenta
440 1323 453 1342 ,
483 1294 575 1332 licet
588 1293 696 1332 valde
707 1304 847 1344 cogna-

42 1363 81 1392 ta
95 1382 107 1400 ‚
138 1351 409 1393 accuratissime
421 1350 553 1390 docuit
565 1347 644 1405 Jos.
661 1349 791 1402 scalig.
806 1349 848 1389 in

43 1411 253 1450 Manilium
269 1422 373 1449 novae
386 1408 551 1448 edition.
566 1408 661 1446 item
675 1411 752 1445 Yvo
767 1406 848 1447 vil-

46 1467 232 1506 liomarus
255 1467 297 1505 in
319 1470 445 1505 Locos
469 1467 662 1503 controv.
685 1463 849 1504 Roberti

42 1523 140 1562 Titii
165 1521 235 1563 lib.
253 1538 287 1568 r,
305 1535 338 1573 3.
368 1522 462 1563 Vide
491 1522 530 1560 &
557 1522 638 1576 Jul.
663 1518 759 1560 Caes.
775 1525 851 1560 Βιι-

41 1580 240 1633 lengerum
258 1585 318 1619 De
328 1579 512 1624 Theano,
526 1577 594 1619 lib.
610 1592 647 1619 2.
662 1590 696 1617 c.
712 1577 777 1632 36.
809 1578 850 1618 &

40 1633 147 1691 seqq.
178 1637 319 1677 Taubm.

47 1725 52 1729 .
100 1694 302 1745 Personat.)
337 1690 547 1732 SicPhaedr.
560 1693 588 1734 1.
608 1704 646 1745 3.
661 1689 819 1742 Fab.t7.

99 1755 226 1790 Sonare
243 1750 382 1789 cithara
393 1766 474 1803 quos
479 1762 586 1805 putes
597 1749 797 1806 Apollinis.

46 1808 179 1846 Horat.
198 1808 223 1846 1.
241 1820 277 1847 1.
291 1806 356 1845 od.
368 1819 428 1859 ¹3·
660 1813 668 1818 ’

99 1871 284 1903 Sonmtem
295 1879 395 1904 aureo
401 1863 543 1919 pleflro.

45 1917 275 1961 Emmeness'.

56 2008 60 2014 .
102 1981 238 2017 Docuit.
254 1993 355 2032 quem
380 1978 561 2017 maximza
575 1974 734 2026 Atina]
764 1978 853 2029 Qae

42 2032 251 2086 legendum
263 2033 317 2074 est
331 2065 343 2082 ,
370 2046 452 2073 non
465 2049 577 2088 quem.
610 2031 654 2071 Id
666 2030 718 2071 est
733 2058 745 2076 ‚
771 2044 851 2084 quae

44 2088 124 2141 ipse
137 2088 228 2137 scit,
255 2105 335 2145 quse
348 2087 425 2144 ipse
438 2089 657 2130 modulatus
670 2086 735 2128 est.
771 2090 852 2128 Nec

44 2147 154 2186 enim
177 2146 289 2187 istum
313 2147 442 2187 docuit
456 2174 470 2194 ‚
500 2145 647 2202 quifuit
660 2145 847 2196 tempori-

51 2201 120 2242 bus
137 2203 318 2244 Didonis.
349 2204 421 2245 Hic
434 2206 543 2244 Atlas
556 2203 682 2260 Japeti
694 2201 794 2242 filius
807 2203 849 2242 in
880 2247 881 2250 Ἴ

49 2258 182 2300 Africa
209 2273 316 2300 natus
327 2260 488 2301 dicitur:
515 2260 576 2300 hic
589 2259 692 2313 quod
703 2272 850 2299 annum

50 2315 93 2355 in
109 2329 283 2369 tempora
295 2315 481 2362 diviserit,
515 2318 554 2357 &
568 2319 713 2369 primns
727 2316 852 2355 stella-

47 2385 134 2412 rum
149 2371 271 2414 cursus
291 2402 303 2421 ,
329 2375 387 2414 vel
397 2373 624 2413 circulorum
643 2400 654 2419 ,
686 2373 744 2412 vel
757 2370 852 2412 fide-

47 2442 132 2469 rum
145 2430 344 2471 transitum
364 2459 378 2477 ‚
405 2427 629 2484 naturasque
651 2426 853 2481 descripse-

46 2487 123 2533 rit,
149 2489 279 2527 caelum
306 2488 428 2528 dietus
452 2486 503 2526 est
527 2484 733 2531 sustinere3
765 2486 853 2540 quia

48 2555 234 2596 nepotem
258 2542 364 2584 suum
390 2544 620 2584 Mercurium
647 2544 686 2583 ὅ(
712 2546 854 2582 Hercu-

47 2600 127 2640 lem
141 2600 301 2642 docuisse
312 2602 450 2641 dicitur
468 2620 477 2648 3
506 2601 608 2640 unde
622 2602 662 2640 ὃς
677 2600 856 2640 Hercules

49 2658 180 2697 caelum
191 2657 240 2698 ab
257 2660 413 2699 Atlante
425 2654 632 2710 susceptum
647 2654 855 2697 sustinuisse

52 2725 251 2762 narratur,
275 2728 426 2769 propter
451 2715 542 2754 coeli
565 2712 764 2754 scientiam
777 2725 855 2754 tra-

49 2769 188 2810 ditatn.
219 2771 383 2813 Constat
403 2773 513 2811 euim
540 2773 741 2811 Herculem
770 2771 854 2824 phi-

47 2823 250 2879 losophum
261 2826 377 2868 fuisse.
386 2835 434 2870 Et
446 2827 498 2868 est
513 2830 627 2876 ratio,
640 2842 706 2868 cur
718 2828 854 2868 omnia

49 2881 116 2922 illa
130 2884 295 2924 monstra
309 2884 433 2926 vicisse
455 2885 611 2926 dicatur.
649 2890 747 2926 Sane
770 2890 855 2927 At-

52 2943 106 2977 {as
132 2944 298 2981 Graecum
324 2941 400 2990 est,
428 2941 518 2982 ficut
544 2943 723 2984 &Nilus.
751 2944 852 2982 Nam

900 899 942 928 to
968 890 1057 929 talis
1070 889 1240 930 elocutio
1253 917 1267 935 ,
1297 892 1459 930 Tritonia
1481 891 1609 932 Pallas
1619 908 1724 948 quem

901 945 1030 986 docuit.
1062 947 1210 986 Servius
1223 960 1297 1001 qua
1307 947 1401 1000 legit
1416 962 1427 987 z
1440 947 1495 986 ait
1507 950 1643 988 enim:
1663 950 1725 990 vi-

903 1001 1063 1045 deamus
1086 1003 1210 1059 qualia
1242 1003 1404 1044 canebat
1414 1033 1429 1053 ,
1463 1008 1604 1045 ‘Docuit
1613 1033 1630 1054 ,
1659 1006 1726 1047 in-

901 1059 987 1114 quit
998 1087 1014 1108 ‚
1051 1064 1145 1116 Qae
1158 1062 1337 1100 maximus
1351 1066 1495 1102 Atlans
1507 1079 1521 1101 :
1553 1060 1626 1102 hoc
1649 1062 1724 1113 est,

904 1129 986 1156 non
1001 1118 1124 1169 turpia
1142 1145 1155 1163 ,
1183 1127 1249 1157 aut
1262 1114 1427 1158 obscena
1439 1148 1453 1167 ,
1483 1115 1549 1159 sed
1560 1119 1724 1161 venien·

902 1173 955 1212 tia
968 1186 1012 1213 ex
1026 1170 1274 1228 philosophiae
1287 1173 1400 1215 fonte
1412 1204 1425 1221 ,
1441 1187 1520 1230 quae
1540 1174 1721 1219 docuerat

902 1230 1042 1271 Atlans
1053 1231 1240 1273 maximus
1250 1259 1265 1280 ,
1295 1230 1503 1288 plenusque
1515 1232 1714 1277 virtutum.

900 1289 996 1328 Pier.

956 1346 1143 1385 Maximus
1155 1345 1318 1397 Atlas]
1350 1345 1464 1386 Itain
1479 1346 1520 1387 8.

954 1422 1030 1433 —-
1054 1402 1225 1443 EteHram
1240 1405 1422 1443 maximus
1434 1407 1558 1445 Athos

956 1459 1094 1499 Edidit.

902 1516 943 1555 δε
956 1515 1165 1556 Claudian.
1182 1529 1219 1557 2.
1239 1520 1352 1571 Rapt.
1369 1516 1412 1557 in
1425 1517 1579 1574 prolog.

1011 1593 1089 1604 —-
1114 1585 1151 1613 te
1162 1577 1340 1616 maximus
1353 1580 1472 1617 ‚Auru

960 1633 1123 1670 Horruit.

905 1688 1005 1726 Nam
1019 1716 1032 1734 ,
1062 1699 1104 1733 ut
1114 1685 1221 1727 canit
1232 1685 1410 1728 ovidius:

960 1747 1030 1784 Hic
1052 1745 1232 1785 hominum
1254 1745 1390 1786 cunffis
1420 1744 1558 1801 ingenti
1578 1760 1717 1802 corpore

1088 1800 1259 1856 praestans

957 1857 1242 1913 Japetioniatles
1265 1861 1400 1899 Atlas.
1464 1858 1608 1900 Cerda.

957 1926 1049 1966 742.
1082 1919 1155 1954 Hic
1176 1913 1308 1964 amia]
1338 1920 1439 1955 Bene
1451 1915 1718 1970 philosophica

901 1970 1158 2015 introducitur
1170 1973 1362 2012 cantilena
1373 2001 1388 2022 ,
1404 1972 1447 2012 in
1460 1975 1645 2016 convivio
1659 1988 1718 2014 re-

898 2028 998 2081 ginae
1009 2029 1131 2070 adhuc
1140 2029 1244 2069 castae
1259 2043 1269 2068 :
1296 2041 1433 2070 contra
1446 2057 1458 2076 ,
1472 2031 1576 2071 inter
1589 2036 1714 2086 Nym-

898 2084 1014 2137 phas,
1043 2086 1108 2127 ubi
1123 2086 1207 2127 solae
1219 2086 1372 2127 feminae
1381 2098 1491 2128 erant
1506 2115 1520 2136 ,
1531 2089 1604 2136 ait,
1623 2093 1716 2130 Vul-

897 2145 976 2182 cani
987 2147 1191 2201 Manesque
1202 2144 1296 2185 dolas
1308 2149 1361 2189 (γ’
1373 2144 1491 2198 dulcia
1492 2148 1613 2196 furta.
1630 2153 1716 2188 Ser-

901 2212 998 2242 vius.

954 2259 1065 2311 Eia]
1095 2256 1280 2312 scripsere
1305 2257 1515 2304 nonnulli,
1547 2259 1579 2299 is
1603 2263 1714 2300 canit.

900 2318 1042 2355 Verum
1054 2315 1111 2354 illi
1125 2316 1274 2368 decepti
1288 2312 1375 2355 sunt
1386 2329 1429 2355 ex
1442 2316 1665 2369 paraphrasi:
1687 2315 1715 2358 fi

903 2370 1058 2423 quidem
1082 2371 1156 2412 hoc
1178 2374 1266 2412 loco
1279 2371 1465 2425 Sosipater
1476 2371 1646 2413 Carisius
1669 2374 1714 2413 in

901 2426 1132 2468 soloecismo
1171 2427 1446 2482 praepositivam
1489 2428 1715 2482 particulam

903 2496 970 2536 pto
983 2485 1232 2534 conjunctiva
1244 2487 1614 2540 pronuntiatamait:
1635 2492 1718 2529 'Hic

903 2540 1057 2595 quidem
1073 2568 1083 2588 ,
1116 2556 1185 2595 pro
1200 2544 1241 2584 is.
1275 2543 1371 2583 Pier.

957 2604 1141 2639 Errantem
1161 2601 1320 2652 lunam]
1363 2597 1464 2654 Qna
1491 2600 1718 2648 {amandun

903 2652 942 2692 id
956 2654 1009 2695 est
1024 2683 1038 2701 ‚
1062 2655 1226 2712 obliquo
1241 2656 1386 2696 incedit
1398 2653 1505 2697 cursu
1519 2685 1532 2703 ,
1558 2670 1640 2698 non
1654 2672 1718 2699 te-

905 2711 994 2759 ἂο,
1021 2723 1064 2753 ut
1077 2715 1164 2754 Sol:
1189 2711 1327 2754 scilicet
1341 2727 1388 2753 ne
1402 2714 1548 2753 incidat
1560 2716 1603 2755 in
1619 2728 1712 2756 cen-

902 2779 1005 2809 trum
1029 2781 1135 2811 terrae
1148 2798 1162 2818 ‚
1189 2772 1230 2812 &
1243 2770 1461 2824 frequenter
1476 2772 1640 2824 patiatur
1651 2786 1714 2812 cc-

902 2825 1038 2879 lipsim.
1080 2828 1238 2868 Vicinus
1262 2830 1370 2868 enim
1396 2826 1448 2868 est
1461 2830 1544 2879 ejus
1555 2830 1717 2872 circulus

902 2893 1021 2925 terrae.
1051 2889 1209 2925 Servius.

960 2947 1148 2982 Errantem
1169 2945 1298 2982 lunam.
1319 2941 1339 2993 ]
1369 2947 1465 2982 Luna
1487 2942 1596 2983 enim
1621 2955 1715 2983 om-

56 2997 204 3036 Ennius
225 2997 317 3038 dicit
342 3001 475 3039 Nilum
501 3004 672 3040 Melonem
713 3001 853 3040 vocari:
906 2997 1016 3038 nium
1039 2998 1182 3052 septem
1213 3004 1403 3040 Eri-onum
1427 2999 1444 3053 (
1458 3000 1523 3054 qui
1556 3000 1713 3054 quidem

50 3053 255 3094 Atlantem
270 3068 356 3095 vero
370 3060 593 3097 Telamonem.
623 3062 685 3097 Ser
692 3056 785 3096 vius.

905 3057 1001 3109 lapsu}
1024 3068 1110 3096 certo
1131 3057 1306 3111 spatioque
1319 3059 1510 3106 feruntur)
1540 3068 1714 3100 naturam

108 3114 234 3151 Docuit
245 3129 344 3168 quem
358 3116 531 3155 maximus
547 3119 680 3158 Atlas.
695 3114 760 3167 ]1n
775 3118 853 3154 Ro·
909 3112 1089 3155 varietate
1101 3126 1229 3156 motus
1242 3110 1445 3166 exsuperat.
1475 3117 1616 3156 Ἠπιόνη.

1313 3175 1335 3211 s
1369 3185 1384 3224 ς
1412 3172 1415 3174 “
1617 3171 1724 3225 30:23²:
