2037 3787
460 150 856 208 AENEIDO

892 162 917 201 s
1003 145 1168 202 L1B.
1212 145 1303 206 ΙΙ.

1623 167 1724 227 351

54 273 166 310 200
185 249 448 326 Objicitur
467 248 631 328 magis
650 286 665 312 ,
701 266 851 326 atque
868 244 1140 322 inprovida
1156 248 1369 324 pestora
1382 241 1570 304 turbat.

175 341 431 392 Laocoon
451 332 632 388 du5tus
651 332 907 408 Neptuno
920 327 1056 386 sorte
1069 326 1304 386 sacerdos

177 415 454 474 Sollemnis
472 432 671 471 taurum
686 413 957 494 ingentem
975 410 1233 469 maciabat
1252 410 1314 469 ad
1331 431 1457 471 aras.

49 633 169 681 dum,
201 635 316 689 quia,
356 648 398 675 ut
428 633 531 688 sixpra
557 635 746 684 diximus,
781 635 861 688 agit

48 704 97 730 ne
124 690 292 731 videatur
323 695 380 731 vel
408 695 527 739 Troia
553 690 689 732 ceffiffi:
702 692 860 732 vitibus:

49 749 108 787 vel
125 752 265 788 AEneas
280 751 476 789 voluntate
489 747 631 803 fugisse.
664 754 771 788 Hanc
794 762 857 789 au-

880 789 884 805 1

1578 495 1723 551 Ecce

911 637 1139 674 Laocoonte
1167 636 1207 675 <Sc
1234 648 1350 675 uxore
1373 636 1456 684 ejus
1469 664 1481 681 ‚
1513 636 1574 675 vel
1588 635 1634 675 de
1647 635 1726 686 ser-

911 690 1090 742 pentibus
1104 689 1150 739 ,3
1166 691 1375 732 Caledonis
1387 691 1520 734 insulis
1531 694 1730 736 venienti-

908 746 992 793 bus,
1009 760 1121 803 atque
1143 750 1186 788 in
1199 748 1380 789 homines
1396 748 1600 800 convexas,
1613 752 1724 795 dicit.

47 815 128 843 tem
141 807 223 844 rem
238 805 405 845 ostendit
418 835 429 851 ‚
466 820 509 846 ex
520 805 777 846 accidentibus
791 806 859 845 do·
880 811 885 853 1
910 808 1066 843 Servius.

48 862 108 900 los
137 866 355 902 Graecorum
369 861 441 902 effe
453 862 733 910 firmatos,cum
749 864 854 908 dicit,
882 857 885 871 '

45 918 165 957 etiam
188 919 282 960 deos
307 919 504 961 adversum
534 924 696 967 Troiam
721 917 856 959 fecisse.

45 979 202 1015 Servius.

978 867 1073 900 Sorte
1094 860 1258 914 elafius-J
1296 861 1354 902 Sic
1380 861 1584 913 Salustius,
1620 872 1725 908 Soetf

910 916 1122 971 duflosfusti
1134 931 1248 958 necat.
1283 920 1403 958 Idem.

963 977 1098 1026 Sortem]
1125 979 1172 1014 In
1199 988 1272 1029 qua
1294 975 1418 1016 fuerat
1443 975 1647 1019 arbitrium
1659 978 1724 1019 di-

105 1036 175 1071 Hic
188 1033 287 1072 aliud
314 1036 472 1088 majus.]
506 1037 603 1074 Nam
618 1034 864 1075 vehementer
910 1030 1057 1069 vinum.
1091 1035 1192 1085 Ergo
1208 1032 1366 1079 debuit,
1398 1031 1606 1074 nififuiss'et
1618 1034 1725 1077 futu·

47 1087 162 1127 dolos
199 1101 348 1143 poterat
384 1091 613 1131 confirmate
641 1090 715 1130 hoc
740 1101 858 1129 mon-
909 1099 994 1125 rum
1007 1088 1169 1127 exitium
1183 1089 1406 1142 publicum,
1434 1088 1579 1131 servare
1603 1089 1725 1133 sacer-

50 1143 180 1185 strum.
211 1153 383 1187 Domum.

903 1141 1037 1183 dotem
1066 1144 1199 1185 divina
1226 1147 1428 1187 voluntate
1450 1147 1611 1188 dustum
1637 1163 1647 1188 ε
1677 1152 1721 1190 &

102 1204 319 1256 Hicaliud]
351 1207 459 1244 Nova
473 1204 645 1244 narratio
660 1231 671 1249 ,
705 1204 854 1242 &con-
903 1199 1159 1242 nouatbirrio
1186 1203 1356 1243 humano
1379 1205 1615 1245 mastantem
1638 1217 1725 1247 tau·

44 1256 221 1300 firmatio
254 1263 394 1300 erroris
432 1258 717 1314 verifiiuilisque
755 1260 811 1298 rei
835 1256 855 1298 Ξι
907 1270 991 1297 turn
1018 1258 1250 1312 ingentem,
1277 1261 1318 1301 id
1341 1259 1421 1309 est,
1460 1263 1718 1304 excellentem

43 1315 174 1356 secuto
187 1316 314 1356 statim
327 1317 505 1371 prodigio
525 1345 540 1365 ,
563 1331 609 1357 ex
620 1315 857 1357 anteceden-
908 1313 1083 1355 hostiam.
1113 1323 1295 1357 Donatus.

45 1370 148 1412 tibus
159 1372 272 1414 cautis
282 1386 371 1427 apte
382 1374 695 1414 accommodato.
710 1367 712 1369 ’
724 1379 856 1426 Atque

49 1426 123 1467 hoc
137 1429 190 1469 est
202 1457 217 1477 ,
245 1430 348 1485 quod
371 1431 636 1472 credulitatem
662 1431 856 1482 Trojano—

44 1496 132 1525 rum
144 1498 300 1541 purgare
312 1499 471 1540 poterat.
509 1491 650 1529 Taubm.

962 1373 1240 1426 DuHmJbrte]
1266 1373 1421 1416 AEneid.
1436 1376 1479 1418 6.

1125 1431 1199 1487 stat
1211 1431 1485 1486 duHisfirtibus
1495 1445 1588 1473 uma
1600 1450 1615 1473 .-

879 1518 884 1527 .
905 1485 1011 1538 quod
1024 1498 1132 1527 notat
1146 1489 1238 1528 Scal.
1254 1489 1280 1528 l.
1293 1503 1334 1541 4.
1349 1501 1381 1529 c.
1400 1490 1460 1529 16.
1488 1491 1549 1531 lta
1563 1488 1712 1533 sallust.

103 1555 197 1584 201.
241 1550 384 1584 Laocoon
420 1545 542 1585 duHm
578 1543 774 1599 Neptuno]
802 1548 859 1584 Ut
880 1530 884 1578 i
903 1549 999 1582 Sorte
1010 1544 1224 1600 dnHosfusti
1233 1558 1348 1586 necat.
1380 1548 1523 1587 Taubm.

43 1598 272 1651 Euphorion
285 1601 378 1641 dicit
391 1629 403 1648 ,
433 1602 515 1654 post
530 1601 739 1642 adventurn
755 1605 856 1640 Grae-

962 1604 1141 1655 Laecam]
1167 1600 1330 1657 Dionys.
1356 1604 1445 1644 Hal.
1468 1602 1538 1644 lib.
1558 1618 1593 1645 Ι.
1610 1601 1724 1646 fabu-

43 1668 177 1696 corum
203 1655 373 1698 sacerdos
397 1659 569 1711 Neptuni
582 1657 773 1712 lapidibus
790 1671 858 1698 oc-
905 1654 984 1695 lam
997 1658 1088 1698 citat
1099 1660 1300 1711 Sophoclis
1315 1686 1328 1706 ,
1342 1673 1422 1713 qux
1433 1659 1535 1701 diem
1549 1660 1602 1701 est
1616 1668 1725 1702 Λειο-

46 1710 143 1752 cisiis
165 1713 243 1754 est:
274 1716 360 1770 quia
383 1713 572 1756 sacrifieiis
588 1744 601 1763 ,
625 1728 761 1756 eorum
777 1728 858 1754 non

4 1790 8 1794 ⁴
45 1771 186 1811 vetavit
211 1771 438 1813 adventum.
467 1773 556 1813 Post
567 1771 860 1813 abscedentibus

48 1828 212 1875 Graecis,
242 1843 359 1883 quum
383 1830 528 1871 vellent
551 1828 754 1870 sacrificare
782 1833 856 1869 Ne-

44 1894 168 1935 ptuno
185 1905 196 1934 ς
219 1890 404 1926 Laocoon
421 1886 645 1942 Thymbraei
659 1888 858 1939 Apollinis

49 1936 221 1982 sacerdos
234 1941 334 1983 sorte
346 1945 477 1985 ductus
489 1943 541 1984 est
557 1964 566 1992 ς
598 1958 640 1985 ut
654 1941 750 1984 solet
760 1944 860 1993 fieri,

44 2009 162 2051 quum
177 1999 278 2040 deest
291 1999 460 2041 sacerdos
471 2014 609 2042 certus.
646 2002 718 2040 Hic
730 2001 857 2054 piacu-

43 2054 125 2094 lum
149 2057 395 2098 commiserat
418 2071 509 2099 ante
531 2059 769 2099 simulacrum
787 2073 860 2098 nu-

45 2110 167 2152 minis
182 2140 197 2161 ,
209 2123 297 2155 cum
324 2115 498 2169 Antiopa
514 2113 576 2156 sua
590 2130 705 2156 uxore
717 2118 858 2155 coeun-

905 1723 996 1753 κοων
1010 1742 1021 1761 ,
1053 1716 1094 1755 δε
1109 1716 1378 1769 Aristophanis
1392 1717 1724 1758 scholiastes.set-

907 1771 986 1811 vius
1011 1772 1092 1819 ait,
1119 1773 1396 1829 depromptum
1426 1773 1500 1815 hoc
1510 1789 1554 1816 ex
1566 1775 1726 1829 Eupho-

911 1828 1034 1869 rione.
1067 1830 1197 1871 cerda.

964 1899 1058 1927 202.
1099 1890 1259 1928 Solennis
1279 1888 1413 1940 arm]
1441 1886 1725 1930 Anniversatio

905 1939 1090 1983 fiacrificio
1101 1942 1311 2000 teligioliis.
1345 1945 1522 1985 Dicimus
1533 1958 1665 1986 autem
1679 1949 1724 1988 δε

898 2001 1112 2052 J‘cmrz'fi'cium
1114 2007 1255 2055 solenne
1269 2030 1283 2050 ,
1309 2002 1350 2042 &
1362 2004 1611 2055 arassblennes
1623 2021 1636 2043 :
1661 2015 1727 2054 ut,

907 2061 1090 2109 apricum,
1124 2061 1165 2099 &
1192 2059 1397 2099 hominem
1423 2061 1605 2100 &locum
1626 2074 1636 2099 :
1662 2072 1724 2109 ut,

909 2111 1246 2172 ,Apricimeminisft
1261 2119 1363 2169 fimes
1375 2145 1391 2165 ‚
1418 2114 1574 2158 Persius.
1603 2121 1727 2159 Con-

45 2166 112 2208 d0.
161 2173 211 2210 Et
233 2169 286 2211 ob
312 2170 400 2220 hoc,
425 2171 601 2213 immistis
614 2172 861 2221 draconibus,
908 2181 966 2210 tta
990 2174 1174 2213 Horatius
1189 2203 1200 2221 ,
1226 2180 1298 2214 Cur
1322 2177 1477 2228 apricum
1501 2175 1613 2215 oderit
1625 2192 1724 2216 cam-

45 2235 134 2265 cum
161 2223 236 2266 suis
259 2227 616 2283 filiisinteremptus
627 2229 697 2268 est.
727 2228 856 2269 Histo-

45 2280 101 2320 ria
125 2283 284 2337 quidem
312 2283 385 2324 hoc
417 2286 543 2326 habet.
577 2287 647 2326 Sed
663 2287 857 2326 Poetain.

45 2348 274 2391 terpretatur
298 2342 346 2382 ad
372 2344 636 2391 Troianorum
649 2341 856 2383 excusatio-

45 2407 139 2436 nem
152 2425 165 2443 ,
195 2397 262 2454 qui
273 2397 347 2438 hoc
358 2397 580 2453 ignorantes
593 2399 743 2453 decepti
756 2398 852 2440 sunt.

45 2453 129 2493 Alii
151 2454 285 2495 dicunt
298 2483 312 2502 ,
354 2457 457 2510 quod
484 2456 568 2511 post
590 2469 857 2510 contemptum

45 2505 163 2550 semel
178 2508 200 2551 ὲ
215 2514 486 2554 Laomedonte
514 2517 754 2566 Neptunum,
775 2527 856 2554 cer-

45 2575 107 2606 tus
129 2569 211 2618 eius
235 2570 417 2610 Sacerdos
441 2571 540 2624 apud
565 2573 727 2619 Troiam
772 2585 856 2611 non

42 2621 145 2672 fuit,
177 2626 278 2667 unde
326 2638 477 2678 putatur
514 2631 712 2682 Neptunus
736 2629 856 2667 etiam

45 2679 227 2724 inimicus
248 2682 360 2724 fuiflb
384 2685 566 2733 Troianis
591 2714 603 2733 ‚
637 2687 678 2725 &
705 2686 806 2740 quod
833 2689 855 2714 *

40 2736 101 2777 illi
135 2742 318 2781 meruerit
343 2743 386 2782 in
413 2742 858 2792 sacerdotemonstrare‚

42 2795 147 2849 quod
157 2795 235 2851 ipse
247 2798 341 2838 alibi
355 2799 525 2840 ostendit
536 2829 547 2846 ,
571 2800 705 2840 dicens
720 2815 729 2840 ι
742 2807 856 2854 Cupe-

40 2866 116 2891 rem
129 2869 208 2894 cum
220 2867 357 2896 vertere
367 2859 411 2897 ab
421 2859 490 2898 imo
501 2857 647 2898 Scrubla
661 2860 749 2897 meis
778 2873 855 2896 ma-

41 2911 298 2967 nibusperjurae
317 2916 445 2954 moem‘a
460 2920 580 2968 Trojae.
611 2914 715 2969 quod
727 2925 855 2953 :utem

43 2965 89 3006 ad
107 2978 231 3009 arcem
247 2969 374 3010 ierunt
387 2968 578 3024 serpentes
593 2999 605 3020 ‚
623 2973 682 3011 vel
695 2972 740 3010 ad
755 2983 834 3010 tem
848 2998 854 3001 ,.

42 3022 149 3074 plum
177 3027 386 3072 Minervae3
418 3039 482 3069 aut
506 3028 609 3084 quod
629 3025 760 3081 &ipsa
778 3029 857 3068 ini-

41 3079 144 3119 mica
171 3084 350 3132 Troianis
372 3082 447 3126 fuit
475 3098 489 3132 ς
521 3097 584 3126 aut
609 3085 758 3138 iignum
783 3085 856 3125 fuit

37 3137 210 3187 periturae
233 3140 416 3182 civitatis.
448 3148 545 3191 sane
571 3142 785 3185 Bachilides
810 3142 857 3183 de

902 2242 999 2281 pum.
1030 2229 1186 2283 quidam
1212 2231 1349 2271 dicunt
1364 2259 1378 2277 ‚
1403 2231 1508 2284 quod
1532 2233 1726 2272 continuo

908 2287 1148 2340 quinquenio
1163 2317 1174 2333 ,
1200 2285 1343 2327 sacrum
1368 2287 1496 2327 eidem
1523 2288 1596 2328 deo
1613 2301 1728 2343 quot-

908 2343 1023 2381 annis
1065 2342 1180 2384 ffierit
1202 2345 1449 2386 restauratum
1467 2349 1619 2397 sblemne
1630 2346 1725 2393 dici,

909 2397 982 2438 five
1006 2398 1202 2452 publicum
1224 2401 1341 2442 fuerit
1368 2429 1380 2448 ,
1415 2400 1489 2443 five
1512 2402 1718 2457 privatum.

909 2460 1064 2495 Servius.

967 2520 1122 2553 Taurum
1145 2515 1356 2569 ingentem]
1394 2517 1486 2555 Non
1509 2525 1640 2568 praetet
1664 2529 1726 2557 ra-

909 2568 1062 2610 tionem
1086 2569 1139 2610 est
1165 2570 1237 2610 hoc
1258 2572 1348 2611 loco
1371 2574 1548 2625 ingentem
1572 2589 1586 2613 .·
1614 2573 1728 2621 alibi,

911 2629 1009 2683 Jam
1021 2643 1122 2669 cornu
1130 2640 1246 2683 petat.
1278 2632 1328 2668 In
1352 2629 1522 2671 victimis
1532 2630 1642 2672 enim
1656 2630 1727 2671 ista

909 2685 1163 2738 requiruntur.
1195 2685 1311 2726 Idem.

968 2743 1195 2794 Maflahae]
1219 2742 1368 2782 Scilicet
1381 2773 1394 2792 ‚
1418 2753 1461 2782 ut
1474 2741 1614 2783 Graecis
1627 2744 1729 2784 mala

910 2797 1109 2853 naufragio
1124 2799 1382 2853 provenirent.
1418 2800 1524 2855 Qid
1538 2812 1671 2840 autem
1684 2801 1731 2842 fic

910 2857 1067 2896 maflare
1086 2857 1127 2897 in
1142 2869 1277 2910 quarto
1291 2856 1394 2897 libro
1407 2858 1625 2897 innuimus:
1641 2866 1729 2899 Ma-

911 2912 985 2952 [iat
1007 2913 1052 2953 de
1077 2930 1168 2954 more
1193 2914 1366 2954 bidentes.
1412 2920 1509 2954 Sane
1532 2912 1729 2957 sciendum

911 2970 984 3010 rite
998 2973 1178 3024 Neptuno
1195 2973 1234 3011 ὅ(
1248 2971 1423 3024 Apollini
1438 2983 1570 3012 tauros
1583 2973 1733 3012 immo-

906 3027 1068 3068 landos:
1098 3032 1198 3069 Nam
1215 3030 1305 3085 Jovi
1320 3041 1402 3068 non
1414 3030 1528 3068 licere
1543 3057 1555 3075 ,
1582 3028 1672 3068 ideo
1686 3031 1729 3070 &

907 3084 949 3124 in
977 3097 1013 3138 3.
1041 3084 1148 3127 libro
1176 3085 1396 3142 prodigium
1422 3086 1519 3128 dicit
1541 3084 1730 3127 secutum.

911 3141 1027 3184 [dem.

881 3197 883 3202 ’
1547 3213 1599 3242 20
1606 3215 1640 3258 3.
1655 3203 1739 3241 Ecce
