2037 3787
4 730 307 783 >exemplaribus
341 732 492 771 Pierius.

69 789 276 839 Annalis]
323 792 427 827 Cum
453 799 513 826 res
535 783 642 839 gestae
665 783 832 838 plurium

19 854 214 889 annorum
225 855 514 898 componuntur
529 871 540 890 ,
554 840 757 882 observato
770 853 834 879 cu-

0 896 151 954 jusque
175 904 270 942 anni
295 904 434 941 ordine
447 929 463 951 ,
497 904 644 940 annales
666 898 751 938 fieri
777 897 834 936 di-

0 959 1 1004 g
16 969 158 998 cuntur
171 986 184 1004 ,
204 971 245 998 ut
260 961 349 999 Gell
373 961 399 999 l.
411 974 427 1009 5
439 988 448 998 .
462 972 495 997 c.
507 973 515 997 ι
527 959 563 999 8.
578 956 644 996 ubi
657 954 749 1009 quid
762 952 836 993 dif-

0 1056 1 1069 χ
19 1011 151 1063 fetant
162 1018 320 1056 annales
332 1015 381 1056 ab
399 1015 554 1055 historia
567 1015 607 1053 &
619 1011 838 1065 ephemeri-

0 1072 2 1122 J
20 1069 72 1110 de
105 1071 326 1126 cognosces.
370 1074 464 1114 inde
489 1071 663 1130 Juvenal.
698 1066 771 1108 sat.
797 1081 834 1109 2.

0 1130 1 1145 ³
25 1127 87 1179 fis.
111 1141 201 1171 102.

54 1193 127 1237 Res
137 1186 365 1227 memoranda
378 1187 477 1228 novis
491 1184 679 1225 annalibus
694 1210 707 1230 ,
731 1194 842 1238 atque

172 1255 308 1285 recente

83 1298 252 1353 Historia.

29 1354 266 1397 Emmeneff.

86 1425 182 1465 374.
212 1412 380 1465 clausa]
424 1415 539 1453 More
565 1410 720 1465 poetico
736 1435 750 1457 ,
777 1408 843 1463 qui

25 1467 160 1510 dicunt
183 1471 327 1511 coelum
353 1467 421 1522 'per
432 1470 592 1509 nostem
604 1467 727 1507 claudi
743 1494 754 1512 ,
778 1478 848 1518 per

23 1525 136 1581 *diem
151 1528 302 1580 aperiri.
333 1525 436 1566 unde
448 1525 502 1565 est
517 1554 529 1572 ,
544 1534 653 1566 Porta
664 1536 763 1564 tonat
775 1539 843 1563 εα-

18 1584 66 1648 Ii..
96 1585 138 1624 &
164 1585 350 1638 Confidam
358 1586 467 1625 tablis
475 1584 728 1639 bzpatentibus.
762 1585 845 1622 Set-

23 1651 124 1682 vius.

89 1698 324 1754 ·Conponet.]
353 1697 494 1738 Finiet.
525 1708 594 1746 υτ,
617 1696 740 1736 Oblata
756 1710 846 1750 gau-

29 1753 120 1803 dens
149 1758 291 1812 conponi
303 1755 439 1808 foeclere
461 1753 605 1795 bellum.
648 1756 698 1792 Et
711 1780 727 1801 ,
764 1760 845 1794 Non

28 1810 182 1864 ,nestrum
204 1816 300 1853 inter
323 1829 386 1853 vos
408 1824 532 1864 tantas
545 1824 722 1865 conponere
734 1811 816 1848 lites
835 1824 846 1850 ε

27 1865 144 1910 Alibi
156 1883 226 1924 pro
237 1868 441 1923 disponere
454 1898 466 1915 ‚
491 1874 566 1910 Nec
576 1881 761 1922 conponere
770 1880 849 1921 opes

2 1929 16 1959 -’
30 1938 160 1968 norant
173 1945 187 1968 .·
203 1928 316 1968 Alibi
326 1941 396 1981 pro
407 1927 494 1974 coni
501 1938 656 1981 ungere,
672 1936 713 1964 ut
729 1951 744 1972 ,
757 1931 845 1965 Con-

28 1996 158 2042 popens
181 1987 407 2040 manibusque
431 2000 556 2025 manus
583 2001 597 2023 .-
637 1981 749 2021 Alibi
773 1994 846 2036 pro

31 2052 279 2095 comparare:
301 2055 362 2087 ut,
376 2046 433 2082 Sic
439 2042 561 2098 parvis
575 2053 760 2093 conponere
771 2055 850 2080 ma-

25 2113 102 2153 gna
112 2101 281 2152 solebam.
323 2097 434 2139 Alibi
458 2112 528 2152 pro
547 2097 734 2139 fundate:
778 2109 845 2152 ur,

31 2154 139 2252 ἰίῐκηι·
156 2157 300 2212 placida
322 2156 492 2214 conpqstm
513 2170 600 2213 pace
612 2157 773 2212 quiefiit.
805 2159 844 2195 1-

63 2224 141 2253 em.

90 2271 302 2324 Conponat]
334 2274 382 2309 In
394 2269 593 2311 codicibus
606 2270 758 2324 aliquot
771 2282 846 2309 an—

33 2326 173 2382 tiquis,
187 2339 269 2366 non
282 2326 484 2367 invenuste
494 2354 511 2377 ,
537 2333 711 2383 Conponat
725 2326 846 2368 habe-

34 2397 111 2426 tur.
144 2387 239 2425 Pier.

91 2440 298 2496 conpotum]
328 2439 478 2480 Mortui
500 2438 655 2492 proprie
669 2438 850 2480 dicuntur

34 2500 237 2552 componi.
281 2498 413 2551 Qam
446 2496 740 2537 transsationem
766 2510 850 2536 non

26 2555 276 2610 ‘inelegantur
289 2555 365 2595 diei
382 2583 391 2598 ‚
406 2567 485 2610 quae
499 2554 642 2593 occidit
656 2583 670 2602 ‚
697 2566 852 2594 accom-

37 2613 238 2654 modatam
253 2610 325 2652 effe
337 2609 463 2651 asserit
476 2614 599 2651 Turn.
616 2612 643 2652 1.
666 2625 729 2652 10.
743 2625 775 2651 c.
786 2625 801 2652 1
815 2625 849 2650 1.

36 2672 78 2712 &
104 2671 152 2712 de
166 2671 361 2711 moriente
374 2670 449 2720 die.
466 2669 491 2709 l.
503 2670 565 2710 18.
583 2681 612 2708 c.
628 2683 687 2722 ¹4·
704 2666 852 2710 versum

25 2726 152 2772 lhabeS
164 2742 208 2769 ex
222 2727 438 2781 Papiniano
448 2727 516 2779 l.4.
534 2726 627 2766 Silv.

453 135 928 193 AENEIDos

22 306 26 310 ,
135 246 282 302 Ante
298 239 437 299 diem
455 232 627 294 clauso
644 251 913 314 conponet
930 230 1112 311 vesper
1133 235 1396 314 Olymposs,
1447 235 1451 240 ’

18 338 122 406 375
140 329 263 383 Nos
283 324 452 399 Troja
471 319 698 399 antiqua,
716 316 752 375 fi
770 316 960 376 vestras
977 312 1114 374 forte
1134 338 1224 396 per
1242 317 1370 374 auris

148 410 331 482 Trojae
353 424 553 462 nomen
568 402 624 458 iit
637 441 653 466 ‚
669 399 865 459 diversa
883 422 972 480 per
990 421 1199 480 aequora
1216 402 1398 458 vectos

139 494 298 549 Forte
315 487 397 546 sua
416 485 625 564 Libycis
642 483 922 565 tempestas
939 482 1132 563 adpulit
1150 485 1276 541 oriS..

1013 120 1108 190 Li
1129 152 1178 193 Β.
1223 136 1270 194 Ῑ.
1609 136 1715 211 163

1575 563 1701 617 Sum

14 663 64 716 fe.
87 685 154 713 *ea
187 683 320 714 tamen
357 683 461 712 curta
485 669 573 712 sunt
599 669 642 712 in
668 670 830 724 vulgatis
880 665 1026 763 progeit
1040 669 1219 709 Maronis
1240 666 1475 709 sententiam
1489 663 1707 706 Stat.The-

881 725 943 765 bai
975 754 982 762 .
1012 737 1066 763 .r.

921 800 998 811 ·-—
1026 783 1093 819 vix
1103 783 1188 821 lucis
1199 784 1307 836 spatio
1320 810 1335 830 ‚
1348 785 1416 822 vix
1428 780 1539 821 nocqis·
1550 777 1701 825 abaHae,

940 841 1146 878 Enumerare
1159 855 1284 894 queam
1300 855 1427 888 mores,
1442 845 1527 883 &c-

887 892 1123 934 Emmenesss

940 952 1109 1004 Vesper]
1142 951 1299 1004 Proprie
1321 951 1372 990 est
1388 949 1505 991 stella.
1541 962 1626 989 cum
1641 960 1708 990 au-

887 1017 967 1047 tem
983 1011 1118 1063 vesperi
1144 1009 1307 1048 dicimus
1321 1036 1333 1053 ‚
1360 1007 1583 1048 adverbium
1599 1018 1710 1046 tem-

886 1066 989 1118 poris
1013 1066 1080 1105 est.
1110 1067 1236 1106 Modo
1262 1062 1350 1104 sane
1363 1065 1550 1105 utrumvis
1563 1064 1706 1116 accipe.

890 1122 1095 1163 Sciendum
1108 1135 1243 1164 tamen
1258 1121 1310 1162 est
1325 1151 1335 1169 ,
1363 1122 1469 1177 quod
1484 1121 1618 1161 omnia
1634 1134 1709 1161 no-

889 1180 1028 1228 mina,
1055 1194 1135 1236 quae
1160 1181 1208 1221 de
1239 1180 1437 1220 Graecisin
1450 1195 1485 1218 os
1511 1191 1647 1219 exeunt
1663 1179 1705 1218 &

888 1237 938 1277 ad
964 1250 1038 1277 nos
1062 1235 1286 1284 transeunt,
1312 1237 1410 1290 apud
1438 1248 1510 1276 nos
1535 1236 1654 1275 autin
1668 1250 1706 1274 us

891 1306 1045 1335 tantum
1057 1308 1198 1336 exeunt
1211 1324 1227 1344 ,
1252 1306 1296 1336 ut
1312 1299 1418 1336 Delos
1432 1296 1544 1335 Delus
1559 1310 1571 1332 .·
1586 1305 1649 1332 aut
1663 1292 1707 1331 in

892 1368 930 1392 er
946 1380 958 1398 ,
982 1363 1024 1391 ut
1038 1351 1237 1410 a'ygrlcoger
1251 1371 1262 1391 :
1276 1364 1339 1392 aur
1352 1352 1395 1391 in
1412 1363 1618 1404 utrumque
1633 1378 1645 1396 ‚
1662 1360 1707 1389 ut

893 1409 1090 1456 Evandros‚
1104 1410 1296 1452 Evandrus
1307 1439 1318 1457 ,
1335 1409 1516 1449 Evander.
1549 1408 1715 1447 Servius.

952 1478 1048 1519 375.
1080 1473 1183 1522 Trojcz
1204 1468 1387 1522 antiqua]
1403 1465 1541 1507 Nobili
1558 1492 1571 1509 2
1597 1476 1719 1504 vene-

894 1520 1023 1565 rabili.
1058 1537 1167 1564 more
1191 1522 1258 1564 suo
1282 1522 1395 1572 alibi,
1425 1531 1532 1564 Terra
1543 1525 1711 1575 antiqua,

894 1578 1000 1618 idest
1017 1609 1027 1626 ‚
1053 1581 1225 1621 nobilis:
1254 1593 1318 1621 aut
1332 1593 1433 1620 certe
1444 1593 1555 1624 cara,
1583 1580 1623 1618 ὅ(
1639 1578 1714 1618 hoc

893 1636 984 1676 ideo
998 1665 1010 1683 ‚
1035 1639 1123 1692 quia
1146 1639 1266 1685 dixit,
1292 1641 1415 1694 quibm
1440 1635 1715 1691 aotve21113is·ab

894 1696 976 1736 orh.
1007 1695 1131 1735 Idem.

954 1755 993 1791 Si
1016 1752 1156 1806 vestrm
1170 1756 1267 1804 fiarte
1294 1767 1357 1807 per
1384 1753 1442 1805 a.]
1485 1753 1588 1791 Cum
1614 1748 1715 1803 apud

901 1814 1028 1850 Deam
1040 1808 1132 1850 sciat
1145 1808 1181 1850 se
1193 1811 1300 1864 loqui
1316 1839 1328 1856 ‚
1355 1822 1419 1849 cut
1432 1808 1486 1848 ait
1503 1836 1515 1855 ,
1528 1811 1565 1848 Si
1576 1807 1714 1861 vestrm

891 1881 956 1922 per
968 1883 1071 1909 aures
1084 1887 1096 1909 .·
1125 1869 1165 1909 &
1180 1872 1281 1909 Forte
1294 1867 1356 1908 hic
1367 1896 1380 1915 ‚
1405 1867 1534 1922 aliqua
1547 1867 1713 1906 ratione.

897 1925 1014 1965 Idem.
1610 1930 1613 1931 ’

956 1981 1059 2035 376.
1088 1986 1200 2038 Trnjae
1221 1998 1344 2023 nomen
1365 1982 1451 2033 iia]
1479 1983 1599 2021 Notat
1614 1982 1650 2036 J.
1667 1982 1718 2019 C.

897 2040 1062 2094 Scaliger
1081 2038 1153 2080 lib.
1168 2053 1210 2091 4.
1234 2053 1314 2094 cap.
1335 2039 1398 2080 16.
1415 2038 1573 2078 verbum
1587 2041 1618 2077 it
1631 2065 1646 2085 ,
1673 2038 1716 2076 δε

897 2099 940 2136 iit
959 2126 971 2144 ‚
986 2098 1132 2137 mirum
1146 2109 1334 2151 quantum
1348 2092 1526 2150 placuisse
1538 2094 1721 2149 Virgilio:

895 2154 1227 2209 quemadmodum
1243 2157 1283 2195 &
1296 2154 1639 2205 Coniunstionem
1654 2156 1722 2193 Ut.

899 2213 1085 2265 Exempla
1097 2211 1248 2253 ibidem
1262 2212 1404 2253 videas.
1436 2212 1580 2252 Taubm.

955 2271 1121 2323 Vefflosq
1155 2274 1204 2310 In
1227 2270 1413 2323 perveteri
1429 2268 1599 2323 quodam
1612 2264 1721 2306 codi-
1740 2293 1743 2296 -

897 2339 939 2367 ce
954 2355 966 2374 ,
997 2327 1133 2383 Jafflos
1155 2329 1254 2381 legi:
1281 2327 1386 2382 quod
1401 2339 1469 2380 pro
1491 2326 1643 2383 jaHatos
1657 2324 1721 2364 in·-

899 2384 1024 2437 telligi
1047 2397 1260 2436 oporteret.
1300 2389 1356 2425 ut
1381 2383 1475 2423 illud
1492 2412 1502 2427 ,
1531 2389 1616 2437 Qeo
1636 2383 1722 2437 pri·-

902 2457 997 2480 mum
1017 2442 1152 2494 jaHati
1175 2441 1297 2481 undis.
1335 2440 1407 2481 Sed
1422 2441 1548 2489 major
1560 2452 1645 2493 pars
1659 2450 1726 2479 ve-

903 2508 1031 2538 terum
1067 2499 1246 2538 codicum
1272 2500 1389 2538 veflos
1412 2496 1530 2538 habet
1557 2509 1568 2535 z
1604 2495 1724 2552 idque

902 2555 1072 2594 omnino
1088 2556 1242 2596 melius.
1270 2558 1428 2595 Pierius.

964 2624 1057 2664 377.
1092 2618 1194 2654 Forte
1207 2614 1318 2665 stu]
1344 2609 1446 2652 Casu
1468 2609 1565 2660 suo,
1587 2609 1627 2650 id
1649 2608 1722 2658 est,

903 2681 983 2723 quo
1009 2667 1115 2710 solet.
1149 2677 1247 2711 Forte
1268 2681 1402 2710 autem
1430 2682 1580 2710 nomeu
1592 2667 1668 2714 est,
1697 2666 1722 2707 Ξι

908 2727 1158 2767 nominativo
1180 2732 1264 2767 Fors
1279 2755 1291 2774 ‚
1319 2739 1361 2767 ut
1383 2727 1589 2766 Terentius
1604 2754 1616 2772 ,
1643 2730 1733 2765 Fors

65 2782 166 2844 Jam
188 2788 359 2826 moriente
384 2785 444 2826 die
467 2787 583 2840 rapuit
607 2798 661 2824 me
685 2798 780 2824 coena
791 2783 851 2824 bea
895 2786 982 2834 fiaat
992 2788 1059 2837 pol.
1086 2781 1164 2838 ipse
1177 2784 1296 2825 alibi:
1321 2787 1505 2841 Qoniam
1521 2785 1727 2837 sorsomnia

182 2845 281 2898 nigm'

96 2899 275 2941 deicis.

905 2844 1037 2894 verfizt.
1071 2843 1237 2883 Servius.

967 2903 1069 2940 Forte
1085 2900 1188 2952 sum]
1219 2895 1320 2939 Casu
1343 2894 1440 2946 suo,
1466 2898 1506 2939 id
1533 2897 1586 2940 est
1600 2927 1614 2947 ‚
1645 2909 1726 2953 quo

35 2957 160 3002 Plaut.
188 2953 407 2996 Menechm.
428 2969 464 2997 1.
479 2970 514 2997 2.
531 2969 596 3007 45.
627 2954 703 2994 dies
715 2953 858 3009 quidem
909 2953 1021 2996 solet.
1051 2960 1113 2996 Ita
1126 2949 1310 2998 &Livius
1321 2954 1392 2995 lib.
1412 2969 1444 2996 1.
1461 2963 1562 2998 Forte
1575 2957 1727 3014 quadam

30 3017 114 3071 jam
127 3014 177 3054 ad
191 3016 392 3054 umbilicum
404 3014 616 3054 dimidiatus
630 3014 676 3067 est
689 3023 856 3051 mortuus.
909 3015 1049 3054 invenit
1064 3017 1136 3054 &C.
1169 3016 1312 3055 Taubm.
1763 3021 1766 3025 '

37 3071 152 3111 Plura
194 3071 244 3111 de
290 3069 410 3110 verbo
450 3085 632 3126 conponere
674 3069 777 3110 dista
812 3068 859 3107 ad

18 3126 131 3170 verli
162 3125 313 3181 hujusce
353 3126 444 3169 libri
468 3142 563 3183 249.
606 3127 709 3171 Aliis
735 3125 860 3169 verbis
917 3127 1254 3185 SedfinesLibyci.
1290 3131 1447 3169 Servius.

970 3072 1259 3128 Libycis-JJam
1283 3069 1418 3118 scivit,
1443 3070 1592 3114 audivit
1603 3071 1731 3120 enim,

1290 3189 1321 3227 L
1350 3198 1371 3225 2
1608 3194 1748 3245 Aw-
