<?xml version="1.0" encoding="UTF-8"?>
<!DOCTYPE html PUBLIC "-//W3C//DTD XHTML 1.0 Transitional//EN"
    "http://www.w3.org/TR/xhtml1/DTD/xhtml1-transitional.dtd">
<html xmlns="http://www.w3.org/1999/xhtml" xml:lang="en" lang="en">
 <head>
  <title>
</title>
<meta http-equiv="Content-Type" content="text/html;charset=utf-8" />
  <meta name='ocr-system' content='tesseract 3.04.00' />
  <meta name='ocr-capabilities' content='ocr_page ocr_carea ocr_par ocr_line ocrx_word'/>
</head>
<body>
  <div class='ocr_page' id='page_1' title='image "./pvirgiliimaronis02virg_0748.png"; bbox 0 0 2037 3787; ppageno 0'>
   <div class='ocr_carea' id='block_1_1' title="bbox 314 160 440 223">
    <p class='ocr_par' dir='ltr' id='par_1_1' title="bbox 314 160 440 223">
     <span class='ocr_line' id='line_1_1' title="bbox 314 160 440 223; baseline -0.024 0"><span class='ocrx_word' id='word_1_1' title='bbox 314 160 440 223; x_wconf 72' lang='lat'><strong>740</strong></span> 
     </span>
    </p>
   </div>
   <div class='ocr_carea' id='block_1_2' title="bbox 320 727 2024 841">
    <p class='ocr_par' dir='ltr' id='par_1_2' title="bbox 320 727 2024 841">
     <span class='ocr_line' id='line_1_2' title="bbox 371 727 2002 785; baseline 0 -14"><span class='ocrx_word' id='word_1_2' title='bbox 371 743 469 785; x_wconf 86' lang='lat'>434.</span> <span class='ocrx_word' id='word_1_3' title='bbox 513 736 621 772; x_wconf 82' lang='lat' dir='ltr'><strong>‘Dum</strong></span> <span class='ocrx_word' id='word_1_4' title='bbox 647 747 726 772; x_wconf 81' lang='lat' dir='ltr'><strong>mea</strong></span> <span class='ocrx_word' id='word_1_5' title='bbox 751 747 806 772; x_wconf 86' lang='lat' dir='ltr'><strong>me</strong></span> <span class='ocrx_word' id='word_1_6' title='bbox 832 731 1014 784; x_wconf 61' lang='lat' dir='ltr'><strong>wiffam]</strong></span> <span class='ocrx_word' id='word_1_7' title='bbox 1047 732 1136 770; x_wconf 89' lang='lat' dir='ltr'><strong>Mea</strong></span> <span class='ocrx_word' id='word_1_8' title='bbox 1184 731 1287 777; x_wconf 66' lang='lat' dir='ltr'><strong>lata,</strong></span> <span class='ocrx_word' id='word_1_9' title='bbox 1320 727 1383 768; x_wconf 88' lang='lat' dir='ltr'><strong>sed</strong></span> <span class='ocrx_word' id='word_1_10' title='bbox 1410 733 1633 772; x_wconf 77' lang='lat' dir='ltr'><em>cumulatam.</em></span> <span class='ocrx_word' id='word_1_11' title='bbox 1662 731 1746 771; x_wconf 86' lang='lat' dir='ltr'><strong>Alii</strong></span> <span class='ocrx_word' id='word_1_12' title='bbox 1771 731 2002 771; x_wconf 82' lang='lat' dir='ltr'><strong>itaintelle-</strong></span> 
     </span>
     <span class='ocr_line' id='line_1_3' title="bbox 320 784 2024 841; baseline 0.002 -14"><span class='ocrx_word' id='word_1_13' title='bbox 320 784 482 829; x_wconf 80' lang='lat' dir='ltr'><strong>fortuna</strong></span> <span class='ocrx_word' id='word_1_14' title='bbox 496 816 513 837; x_wconf 88' lang='lat'><em>‚</em></span> <span class='ocrx_word' id='word_1_15' title='bbox 545 788 676 836; x_wconf 86' lang='lat' dir='ltr'><strong>idest,</strong></span> <span class='ocrx_word' id='word_1_16' title='bbox 707 788 854 830; x_wconf 78' lang='lat' dir='ltr'><strong>aversa:</strong></span> <span class='ocrx_word' id='word_1_17' title='bbox 873 801 930 838; x_wconf 86' lang='lat' dir='ltr'><strong>ut,</strong></span> <span class='ocrx_word' id='word_1_18' title='bbox 958 793 1041 830; x_wconf 81' lang='lat' dir='ltr'><strong>Hac</strong></span> <span class='ocrx_word' id='word_1_19' title='bbox 1054 795 1134 828; x_wconf 83' lang='lat' dir='ltr'><em>Tro·</em></span> <span class='ocrx_word' id='word_1_20' title='bbox 1187 797 1285 839; x_wconf 85' lang='lat' dir='ltr'><strong>gunt</strong></span> <span class='ocrx_word' id='word_1_21' title='bbox 1300 814 1312 833; x_wconf 91' lang='lat'>‚</span> <span class='ocrx_word' id='word_1_22' title='bbox 1354 785 1512 826; x_wconf 82' lang='lat' dir='ltr'>reddam</span> <span class='ocrx_word' id='word_1_23' title='bbox 1536 788 1595 827; x_wconf 89' lang='lat' dir='ltr'><strong>illi</strong></span> <span class='ocrx_word' id='word_1_24' title='bbox 1609 790 1799 841; x_wconf 81' lang='lat' dir='ltr'>gratiam,</span> <span class='ocrx_word' id='word_1_25' title='bbox 1822 788 1998 830; x_wconf 75' lang='lat' dir='ltr'>occidam</span> <span class='ocrx_word' id='word_1_26' title='bbox 2022 821 2024 825; x_wconf 90' lang='lat'>.</span> 
     </span>
    </p>
   </div>
   <div class='ocr_carea' id='block_1_3' title="bbox 809 0 2037 211">
    <p class='ocr_par' dir='ltr' id='par_1_3' title="bbox 809 0 2037 211">
     <span class='ocr_line' id='line_1_4' title="bbox 2025 0 2030 52; baseline 0 0"><span class='ocrx_word' id='word_1_27' title='bbox 2025 0 2030 52; x_wconf 71' lang='lat' dir='ltr'><strong>l</strong></span> 
     </span>
     <span class='ocr_line' id='line_1_5' title="bbox 809 0 2037 211; baseline 0 -14"><span class='ocrx_word' id='word_1_28' title='bbox 809 130 1561 197; x_wconf 66' lang='lat' dir='ltr'><strong>P.v1nc‚1211&#39;</strong></span> <span class='ocrx_word' id='word_1_29' title='bbox 2026 0 2037 211; x_wconf 62' lang='lat' dir='ltr'><strong>ii</strong></span> 
     </span>
    </p>
   </div>
   <div class='ocr_carea' id='block_1_4' title="bbox 325 232 1998 647">
    <p class='ocr_par' dir='ltr' id='par_1_4' title="bbox 446 232 1696 297">
     <span class='ocr_line' id='line_1_6' title="bbox 446 232 1696 297; baseline -0.004 0"><span class='ocrx_word' id='word_1_30' title='bbox 446 243 595 297; x_wconf 89' lang='lat' dir='ltr'><strong>Dum</strong></span> <span class='ocrx_word' id='word_1_31' title='bbox 616 254 732 296; x_wconf 78' lang='lat' dir='ltr'><strong>mea</strong></span> <span class='ocrx_word' id='word_1_32' title='bbox 746 257 834 295; x_wconf 89' lang='lat' dir='ltr'><strong>me</strong></span> <span class='ocrx_word' id='word_1_33' title='bbox 851 236 1045 294; x_wconf 56' lang='lat' dir='ltr'><strong>viciam</strong></span> <span class='ocrx_word' id='word_1_34' title='bbox 1061 234 1250 292; x_wconf 86' lang='lat' dir='ltr'><strong>doceat</strong></span> <span class='ocrx_word' id='word_1_35' title='bbox 1263 232 1471 291; x_wconf 57' lang='lat' dir='ltr'><strong>fortuna&gt;</strong></span> <span class='ocrx_word' id='word_1_36' title='bbox 1483 234 1696 297; x_wconf 57' lang='lat' dir='ltr'><strong>dolere}</strong></span> 
     </span>
    </p>

    <p class='ocr_par' dir='ltr' id='par_1_5' title="bbox 325 315 1998 647">
     <span class='ocr_line' id='line_1_7' title="bbox 325 315 1780 402; baseline -0.003 -22"><span class='ocrx_word' id='word_1_37' title='bbox 325 337 434 402; x_wconf 72' lang='lat'><strong>435</strong></span> <span class='ocrx_word' id='word_1_38' title='bbox 454 324 759 378; x_wconf 81' lang='lat' dir='ltr'>Extremam</span> <span class='ocrx_word' id='word_1_39' title='bbox 776 318 908 375; x_wconf 82' lang='lat' dir='ltr'><strong>hanc</strong></span> <span class='ocrx_word' id='word_1_40' title='bbox 923 340 1021 375; x_wconf 91' lang='lat' dir='ltr'><strong>oro</strong></span> <span class='ocrx_word' id='word_1_41' title='bbox 1037 318 1240 375; x_wconf 78' lang='lat' dir='ltr'><strong>veniam</strong></span> <span class='ocrx_word' id='word_1_42' title='bbox 1256 341 1269 374; x_wconf 72' lang='grc' dir='ltr'><strong>ε</strong></span> <span class='ocrx_word' id='word_1_43' title='bbox 1304 316 1545 375; x_wconf 86' lang='lat' dir='ltr'><strong>miserere</strong></span> <span class='ocrx_word' id='word_1_44' title='bbox 1560 315 1745 375; x_wconf 85' lang='lat' dir='ltr'><strong>sororis</strong></span> <span class='ocrx_word' id='word_1_45' title='bbox 1764 337 1780 376; x_wconf 68' lang='grc' dir='ltr'><strong>τ’</strong></span> 
     </span>
     <span class='ocr_line' id='line_1_8' title="bbox 451 399 1998 477; baseline -0.001 -19"><span class='ocrx_word' id='word_1_46' title='bbox 451 407 629 477; x_wconf 80' lang='lat' dir='ltr'><strong>Qam</strong></span> <span class='ocrx_word' id='word_1_47' title='bbox 647 401 773 458; x_wconf 87' lang='lat' dir='ltr'><strong>mihi</strong></span> <span class='ocrx_word' id='word_1_48' title='bbox 789 422 908 458; x_wconf 89' lang='lat' dir='ltr'><strong>cum</strong></span> <span class='ocrx_word' id='word_1_49' title='bbox 927 399 1128 457; x_wconf 85' lang='lat' dir='ltr'><strong>dederis</strong></span> <span class='ocrx_word' id='word_1_50' title='bbox 1145 437 1162 464; x_wconf 85' lang='lat'>,</span> <span class='ocrx_word' id='word_1_51' title='bbox 1197 401 1452 456; x_wconf 85' lang='lat' dir='ltr'><strong>cumulata</strong></span> <span class='ocrx_word' id='word_1_52' title='bbox 1468 418 1642 457; x_wconf 84' lang='lat' dir='ltr'><strong>morte</strong></span> <span class='ocrx_word' id='word_1_53' title='bbox 1658 403 1944 463; x_wconf 78' lang='lat' dir='ltr'><strong>remittam.</strong></span> <span class='ocrx_word' id='word_1_54' title='bbox 1994 453 1998 456; x_wconf 76' lang='grc'>,</span> 
     </span>
     <span class='ocr_line' id='line_1_9' title="bbox 445 479 1853 561; baseline -0.001 -22"><span class='ocrx_word' id='word_1_55' title='bbox 445 482 667 541; x_wconf 87' lang='lat' dir='ltr'>Talibus</span> <span class='ocrx_word' id='word_1_56' title='bbox 683 483 865 542; x_wconf 83' lang='lat' dir='ltr'><strong>orabat</strong></span> <span class='ocrx_word' id='word_1_57' title='bbox 878 522 896 550; x_wconf 86' lang='lat'>‚</span> <span class='ocrx_word' id='word_1_58' title='bbox 926 479 1140 561; x_wconf 83' lang='lat' dir='ltr'><strong>talisque</strong></span> <span class='ocrx_word' id='word_1_59' title='bbox 1155 479 1435 540; x_wconf 83' lang='lat' dir='ltr'><strong>miserrima</strong></span> <span class='ocrx_word' id='word_1_60' title='bbox 1451 482 1602 540; x_wconf 81' lang='lat' dir='ltr'><strong>fletus</strong></span> <span class='ocrx_word' id='word_1_61' title='bbox 1850 485 1853 487; x_wconf 77' lang='grc'><strong>’</strong></span> 
     </span>
     <span class='ocr_line' id='line_1_10' title="bbox 443 560 1785 647; baseline 0 -23"><span class='ocrx_word' id='word_1_62' title='bbox 443 569 670 647; x_wconf 81' lang='lat' dir='ltr'>Fertque</span> <span class='ocrx_word' id='word_1_63' title='bbox 685 565 946 647; x_wconf 81' lang='lat' dir='ltr'><strong>refertque</strong></span> <span class='ocrx_word' id='word_1_64' title='bbox 961 564 1136 624; x_wconf 87' lang='lat' dir='ltr'><strong>soror:</strong></span> <span class='ocrx_word' id='word_1_65' title='bbox 1172 560 1261 622; x_wconf 83' lang='lat' dir='ltr'><strong>sed</strong></span> <span class='ocrx_word' id='word_1_66' title='bbox 1279 566 1428 622; x_wconf 86' lang='lat' dir='ltr'><strong>nullis</strong></span> <span class='ocrx_word' id='word_1_67' title='bbox 1441 565 1526 622; x_wconf 87' lang='lat' dir='ltr'><strong>ille</strong></span> <span class='ocrx_word' id='word_1_68' title='bbox 1543 582 1785 626; x_wconf 85' lang='lat' dir='ltr'><strong>movetur</strong></span> 
     </span>
    </p>
   </div>
   <div class='ocr_carea' id='block_1_5' title="bbox 2030 355 2037 600">
    <p class='ocr_par' dir='ltr' id='par_1_6' title="bbox 2030 355 2037 600">
     <span class='ocr_line' id='line_1_11' title="bbox 2030 355 2037 600; baseline 0 3187"><span class='ocrx_word' id='word_1_69' title='bbox 2030 355 2037 600; x_wconf 95' lang='lat' dir='ltr'><strong> </strong></span> 
     </span>
    </p>
   </div>
   <div class='ocr_carea' id='block_1_6' title="bbox 1839 647 2029 706">
    <p class='ocr_par' dir='ltr' id='par_1_7' title="bbox 1839 647 2029 706">
     <span class='ocr_line' id='line_1_12' title="bbox 1839 647 2029 706; baseline 0.005 -1"><span class='ocrx_word' id='word_1_70' title='bbox 1839 647 2003 706; x_wconf 81' lang='lat' dir='ltr'><strong>Fleti-</strong></span> <span class='ocrx_word' id='word_1_71' title='bbox 2025 687 2029 692; x_wconf 85' lang='lat'>.</span> 
     </span>
    </p>
   </div>
   <div class='ocr_carea' id='block_1_7' title="bbox 2033 604 2037 839">
    <p class='ocr_par' dir='ltr' id='par_1_8' title="bbox 2033 604 2037 839">
     <span class='ocr_line' id='line_1_13' title="bbox 2033 604 2037 839; baseline 0 2948"><span class='ocrx_word' id='word_1_72' title='bbox 2033 604 2037 839; x_wconf 95' lang='lat' dir='ltr'><strong> </strong></span> 
     </span>
    </p>
   </div>
   <div class='ocr_carea' id='block_1_8' title="bbox 319 841 2037 1015">
    <p class='ocr_par' dir='ltr' id='par_1_9' title="bbox 319 841 2037 1015">
     <span class='ocr_line' id='line_1_14' title="bbox 319 841 2037 899; baseline 0 -15"><span class='ocrx_word' id='word_1_73' title='bbox 319 850 411 899; x_wconf 73' lang='lat' dir='ltr'><strong>jana</strong></span> <span class='ocrx_word' id='word_1_74' title='bbox 425 857 527 885; x_wconf 78' lang='lat' dir='ltr'><strong>tenus</strong></span> <span class='ocrx_word' id='word_1_75' title='bbox 529 849 804 898; x_wconf 42' lang='lat' dir='ltr'><strong>fuerit-fortuna</strong></span> <span class='ocrx_word' id='word_1_76' title='bbox 805 849 942 898; x_wconf 66' lang='lat' dir='ltr'><strong>secuta.</strong></span> <span class='ocrx_word' id='word_1_77' title='bbox 973 850 1028 886; x_wconf 79' lang='lat' dir='ltr'><strong>Ex</strong></span> <span class='ocrx_word' id='word_1_78' title='bbox 1040 845 1136 886; x_wconf 86' lang='lat' dir='ltr'><strong>statu</strong></span> <span class='ocrx_word' id='word_1_79' title='bbox 1187 844 1300 883; x_wconf 81' lang='lat' dir='ltr'><strong>illum</strong></span> <span class='ocrx_word' id='word_1_80' title='bbox 1320 871 1334 891; x_wconf 88' lang='lat'>,</span> <span class='ocrx_word' id='word_1_81' title='bbox 1357 855 1450 882; x_wconf 84' lang='lat' dir='ltr'><strong>nam</strong></span> <span class='ocrx_word' id='word_1_82' title='bbox 1469 842 1564 883; x_wconf 81' lang='lat' dir='ltr'><strong>alibi</strong></span> <span class='ocrx_word' id='word_1_83' title='bbox 1576 845 1631 884; x_wconf 82' lang='lat' dir='ltr'><strong>ait</strong></span> <span class='ocrx_word' id='word_1_84' title='bbox 1644 873 1656 892; x_wconf 95' lang='lat'>‚</span> <span class='ocrx_word' id='word_1_85' title='bbox 1688 853 1765 889; x_wconf 80' lang='lat' dir='ltr'><strong>Non</strong></span> <span class='ocrx_word' id='word_1_86' title='bbox 1774 848 1887 899; x_wconf 83' lang='lat' dir='ltr'><strong>potuit</strong></span> <span class='ocrx_word' id='word_1_87' title='bbox 1899 846 2000 885; x_wconf 78' lang='lat' dir='ltr'><strong>abre·-</strong></span> <span class='ocrx_word' id='word_1_88' title='bbox 2035 841 2037 862; x_wconf 58' lang='lat'>¹</span> 
     </span>
     <span class='ocr_line' id='line_1_15' title="bbox 323 899 1996 956; baseline 0 -16"><span class='ocrx_word' id='word_1_89' title='bbox 323 902 366 940; x_wconf 83' lang='lat' dir='ltr'><strong>in</strong></span> <span class='ocrx_word' id='word_1_90' title='bbox 379 914 457 956; x_wconf 89' lang='lat' dir='ltr'><strong>quo</strong></span> <span class='ocrx_word' id='word_1_91' title='bbox 469 901 547 949; x_wconf 79' lang='lat' dir='ltr'><strong>est,</strong></span> <span class='ocrx_word' id='word_1_92' title='bbox 567 907 753 954; x_wconf 74' lang='lat' dir='ltr'><strong>fortunam</strong></span> <span class='ocrx_word' id='word_1_93' title='bbox 777 903 885 942; x_wconf 82' lang='lat' dir='ltr'><strong>dixit.</strong></span> <span class='ocrx_word' id='word_1_94' title='bbox 912 909 1046 943; x_wconf 68' lang='lat' dir='ltr'><strong>Doceat</strong></span> <span class='ocrx_word' id='word_1_95' title='bbox 1070 915 1135 942; x_wconf 81' lang='lat' dir='ltr'><strong>au-</strong></span> <span class='ocrx_word' id='word_1_96' title='bbox 1181 910 1284 955; x_wconf 80' lang='lat' dir='ltr'><strong>ptum</strong></span> <span class='ocrx_word' id='word_1_97' title='bbox 1308 899 1474 940; x_wconf 75' lang='lat' dir='ltr'><strong>divellere</strong></span> <span class='ocrx_word' id='word_1_98' title='bbox 1497 915 1627 956; x_wconf 75' lang='lat' dir='ltr'><strong>corpus.</strong></span> <span class='ocrx_word' id='word_1_99' title='bbox 1676 902 1747 942; x_wconf 85' lang='lat' dir='ltr'><strong>sed</strong></span> <span class='ocrx_word' id='word_1_100' title='bbox 1771 902 1845 941; x_wconf 86' lang='lat' dir='ltr'><strong>hoc</strong></span> <span class='ocrx_word' id='word_1_101' title='bbox 1867 913 1996 944; x_wconf 84' lang='lat' dir='ltr'><strong>totum</strong></span> 
     </span>
     <span class='ocr_line' id='line_1_16' title="bbox 322 954 1998 1015; baseline 0.001 -19"><span class='ocrx_word' id='word_1_102' title='bbox 322 969 407 997; x_wconf 88' lang='lat' dir='ltr'><strong>tem</strong></span> <span class='ocrx_word' id='word_1_103' title='bbox 421 958 534 999; x_wconf 76' lang='lat' dir='ltr'><strong>dolere</strong></span> <span class='ocrx_word' id='word_1_104' title='bbox 546 960 641 1000; x_wconf 90' lang='lat' dir='ltr'><strong>illud</strong></span> <span class='ocrx_word' id='word_1_105' title='bbox 656 959 709 999; x_wconf 84' lang='lat' dir='ltr'><strong>est</strong></span> <span class='ocrx_word' id='word_1_106' title='bbox 725 988 737 1005; x_wconf 87' lang='lat'>‚</span> <span class='ocrx_word' id='word_1_107' title='bbox 767 959 856 1015; x_wconf 82' lang='lat' dir='ltr'><strong>quia</strong></span> <span class='ocrx_word' id='word_1_108' title='bbox 871 973 953 999; x_wconf 88' lang='lat' dir='ltr'><strong>non</strong></span> <span class='ocrx_word' id='word_1_109' title='bbox 966 960 1080 1000; x_wconf 83' lang='lat' dir='ltr'><strong>habet</strong></span> <span class='ocrx_word' id='word_1_110' title='bbox 1093 959 1138 998; x_wconf 90' lang='lat' dir='ltr'><strong>in</strong></span> <span class='ocrx_word' id='word_1_111' title='bbox 1190 954 1311 995; x_wconf 88' lang='lat' dir='ltr'><strong>sorori</strong></span> <span class='ocrx_word' id='word_1_112' title='bbox 1335 956 1442 997; x_wconf 80' lang='lat' dir='ltr'><strong>dicit.</strong></span> <span class='ocrx_word' id='word_1_113' title='bbox 1473 962 1539 996; x_wconf 82' lang='lat' dir='ltr'><strong>An</strong></span> <span class='ocrx_word' id='word_1_114' title='bbox 1563 958 1736 1011; x_wconf 81' lang='lat' dir='ltr'><strong>perplexe</strong></span> <span class='ocrx_word' id='word_1_115' title='bbox 1758 960 1915 1012; x_wconf 84' lang='lat' dir='ltr'><strong>loquuta</strong></span> <span class='ocrx_word' id='word_1_116' title='bbox 1926 957 1998 1006; x_wconf 85' lang='lat' dir='ltr'><strong>est,</strong></span> 
     </span>
    </p>
   </div>
   <div class='ocr_carea' id='block_1_9' title="bbox 305 1014 1145 2944">
    <p class='ocr_par' dir='ltr' id='par_1_10' title="bbox 305 1014 1142 1470">
     <span class='ocr_line' id='line_1_17' title="bbox 324 1014 1138 1071; baseline 0.001 -17"><span class='ocrx_word' id='word_1_117' title='bbox 324 1014 486 1055; x_wconf 78' lang='lat' dir='ltr'><strong>adversis</strong></span> <span class='ocrx_word' id='word_1_118' title='bbox 511 1017 743 1069; x_wconf 83' lang='lat' dir='ltr'><strong>patientiam</strong></span> <span class='ocrx_word' id='word_1_119' title='bbox 756 1045 770 1064; x_wconf 90' lang='lat'>‚</span> <span class='ocrx_word' id='word_1_120' title='bbox 800 1015 868 1056; x_wconf 80' lang='lat' dir='ltr'><strong>nifl</strong></span> <span class='ocrx_word' id='word_1_121' title='bbox 892 1017 984 1071; x_wconf 89' lang='lat' dir='ltr'><strong>quid</strong></span> <span class='ocrx_word' id='word_1_122' title='bbox 1008 1016 1138 1057; x_wconf 88' lang='lat' dir='ltr'><strong>dolere</strong></span> 
     </span>
     <span class='ocr_line' id='line_1_18' title="bbox 323 1069 1138 1128; baseline 0.004 -18"><span class='ocrx_word' id='word_1_123' title='bbox 323 1069 536 1112; x_wconf 75' lang='lat' dir='ltr'><strong>consuevit.</strong></span> <span class='ocrx_word' id='word_1_124' title='bbox 569 1077 654 1114; x_wconf 88' lang='lat' dir='ltr'><strong>Hoc</strong></span> <span class='ocrx_word' id='word_1_125' title='bbox 665 1086 758 1128; x_wconf 84' lang='lat' dir='ltr'><strong>ergo</strong></span> <span class='ocrx_word' id='word_1_126' title='bbox 769 1073 880 1125; x_wconf 81' lang='lat' dir='ltr'><strong>petit,</strong></span> <span class='ocrx_word' id='word_1_127' title='bbox 896 1084 938 1113; x_wconf 89' lang='lat' dir='ltr'><strong>ut</strong></span> <span class='ocrx_word' id='word_1_128' title='bbox 950 1074 986 1113; x_wconf 89' lang='lat' dir='ltr'><strong>ei</strong></span> <span class='ocrx_word' id='word_1_129' title='bbox 997 1073 1138 1126; x_wconf 85' lang='lat' dir='ltr'><strong>praeste—</strong></span> 
     </span>
     <span class='ocr_line' id='line_1_19' title="bbox 318 1128 1142 1186; baseline 0.004 -18"><span class='ocrx_word' id='word_1_130' title='bbox 318 1140 384 1169; x_wconf 86' lang='lat' dir='ltr'><strong>rur</strong></span> <span class='ocrx_word' id='word_1_131' title='bbox 397 1140 632 1184; x_wconf 84' lang='lat' dir='ltr'><strong>tempus,per</strong></span> <span class='ocrx_word' id='word_1_132' title='bbox 647 1131 749 1186; x_wconf 87' lang='lat' dir='ltr'><strong>quod</strong></span> <span class='ocrx_word' id='word_1_133' title='bbox 763 1128 879 1171; x_wconf 82' lang='lat' dir='ltr'><strong>discat</strong></span> <span class='ocrx_word' id='word_1_134' title='bbox 892 1128 1044 1172; x_wconf 85' lang='lat' dir='ltr'><strong>adversa</strong></span> <span class='ocrx_word' id='word_1_135' title='bbox 1056 1143 1142 1186; x_wconf 81' lang='lat' dir='ltr'><strong>per-</strong></span> 
     </span>
     <span class='ocr_line' id='line_1_20' title="bbox 325 1185 634 1229; baseline 0.003 -3"><span class='ocrx_word' id='word_1_136' title='bbox 325 1185 437 1226; x_wconf 81' lang='lat' dir='ltr'><strong>ferre.</strong></span> <span class='ocrx_word' id='word_1_137' title='bbox 472 1192 634 1229; x_wconf 74' lang='lat' dir='ltr'><strong>Servius.</strong></span> 
     </span>
     <span class='ocr_line' id='line_1_21' title="bbox 305 1242 1139 1299; baseline 0.004 -17"><span class='ocrx_word' id='word_1_138' title='bbox 305 1288 307 1290; x_wconf 49' lang='grc'><strong>,</strong></span> <span class='ocrx_word' id='word_1_139' title='bbox 376 1249 476 1285; x_wconf 81' lang='lat' dir='ltr'><strong>Dum</strong></span> <span class='ocrx_word' id='word_1_140' title='bbox 489 1260 568 1286; x_wconf 80' lang='lat' dir='ltr'><strong>mea</strong></span> <span class='ocrx_word' id='word_1_141' title='bbox 581 1245 674 1298; x_wconf 64' lang='lat' dir='ltr'><strong>me]</strong></span> <span class='ocrx_word' id='word_1_142' title='bbox 709 1248 769 1285; x_wconf 84' lang='lat' dir='ltr'><strong>Ita</strong></span> <span class='ocrx_word' id='word_1_143' title='bbox 784 1242 891 1285; x_wconf 86' lang='lat' dir='ltr'><strong>Dido</strong></span> <span class='ocrx_word' id='word_1_144' title='bbox 905 1243 1024 1285; x_wconf 84' lang='lat' dir='ltr'><strong>etiam</strong></span> <span class='ocrx_word' id='word_1_145' title='bbox 1040 1243 1139 1299; x_wconf 83' lang='lat' dir='ltr'><strong>apud</strong></span> 
     </span>
     <span class='ocr_line' id='line_1_22' title="bbox 323 1299 441 1340; baseline -0.008 -1"><span class='ocrx_word' id='word_1_146' title='bbox 323 1299 441 1340; x_wconf 80' lang='lat' dir='ltr'><strong>ovid.</strong></span> 
     </span>
     <span class='ocr_line' id='line_1_23' title="bbox 356 1356 1142 1410; baseline 0 -12"><span class='ocrx_word' id='word_1_147' title='bbox 356 1362 455 1398; x_wconf 84' lang='lat' dir='ltr'><strong>Dum</strong></span> <span class='ocrx_word' id='word_1_148' title='bbox 458 1359 559 1410; x_wconf 70' lang='lat' dir='ltr'><strong>freta</strong></span> <span class='ocrx_word' id='word_1_149' title='bbox 573 1360 833 1410; x_wconf 68' lang='lat' dir='ltr'><strong>mitescunt,&amp;</strong></span> <span class='ocrx_word' id='word_1_150' title='bbox 846 1374 942 1399; x_wconf 79' lang='lat' dir='ltr'><strong>amor</strong></span> <span class='ocrx_word' id='word_1_151' title='bbox 954 1356 1039 1399; x_wconf 75' lang='lat' dir='ltr'><strong>dum</strong></span> <span class='ocrx_word' id='word_1_152' title='bbox 1051 1368 1142 1398; x_wconf 82' lang='lat' dir='ltr'><strong>tem-</strong></span> 
     </span>
     <span class='ocr_line' id='line_1_24' title="bbox 510 1418 745 1470; baseline 0 -15"><span class='ocrx_word' id='word_1_153' title='bbox 510 1427 613 1470; x_wconf 76' lang='lat' dir='ltr'><strong>perat</strong></span> <span class='ocrx_word' id='word_1_154' title='bbox 624 1418 718 1468; x_wconf 64' lang='lat' dir='ltr'><strong>ustam</strong></span> <span class='ocrx_word' id='word_1_155' title='bbox 733 1442 745 1461; x_wconf 88' lang='lat'>‚</span> 
     </span>
    </p>

    <p class='ocr_par' dir='ltr' id='par_1_11' title="bbox 319 1470 1139 1740">
     <span class='ocr_line' id='line_1_25' title="bbox 387 1470 1035 1527; baseline 0.002 -18"><span class='ocrx_word' id='word_1_156' title='bbox 387 1473 543 1512; x_wconf 79' lang='lat' dir='ltr'><strong>Fortiter</strong></span> <span class='ocrx_word' id='word_1_157' title='bbox 553 1472 703 1525; x_wconf 75' lang='lat' dir='ltr'><strong>ediscdm</strong></span> <span class='ocrx_word' id='word_1_158' title='bbox 717 1470 935 1527; x_wconf 77' lang='lat' dir='ltr'><strong>tristiapoffl</strong></span> <span class='ocrx_word' id='word_1_159' title='bbox 943 1472 1035 1527; x_wconf 79' lang='lat' dir='ltr'><strong>pati.</strong></span> 
     </span>
     <span class='ocr_line' id='line_1_26' title="bbox 319 1526 1139 1584; baseline 0.001 -18"><span class='ocrx_word' id='word_1_160' title='bbox 319 1528 467 1568; x_wconf 72' lang='lat' dir='ltr'><strong>Nullus</strong></span> <span class='ocrx_word' id='word_1_161' title='bbox 480 1530 588 1569; x_wconf 87' lang='lat' dir='ltr'><strong>enim</strong></span> <span class='ocrx_word' id='word_1_162' title='bbox 600 1529 714 1569; x_wconf 88' lang='lat' dir='ltr'><strong>dolor</strong></span> <span class='ocrx_word' id='word_1_163' title='bbox 726 1529 779 1569; x_wconf 85' lang='lat' dir='ltr'><strong>est</strong></span> <span class='ocrx_word' id='word_1_164' title='bbox 793 1557 805 1576; x_wconf 89' lang='lat'>,</span> <span class='ocrx_word' id='word_1_165' title='bbox 819 1541 936 1584; x_wconf 80' lang='lat' dir='ltr'><strong>quem</strong></span> <span class='ocrx_word' id='word_1_166' title='bbox 949 1540 1035 1568; x_wconf 90' lang='lat' dir='ltr'><strong>non</strong></span> <span class='ocrx_word' id='word_1_167' title='bbox 1047 1526 1139 1567; x_wconf 88' lang='lat' dir='ltr'><strong>lon-</strong></span> 
     </span>
     <span class='ocr_line' id='line_1_27' title="bbox 323 1584 1139 1639; baseline 0.001 -16"><span class='ocrx_word' id='word_1_168' title='bbox 323 1584 521 1639; x_wconf 76' lang='lat' dir='ltr'><strong>ginquitas</strong></span> <span class='ocrx_word' id='word_1_169' title='bbox 547 1586 736 1638; x_wconf 86' lang='lat' dir='ltr'><strong>temporis</strong></span> <span class='ocrx_word' id='word_1_170' title='bbox 745 1586 898 1626; x_wconf 82' lang='lat' dir='ltr'><strong>minuat</strong></span> <span class='ocrx_word' id='word_1_171' title='bbox 909 1596 1022 1639; x_wconf 86' lang='lat' dir='ltr'><strong>atque</strong></span> <span class='ocrx_word' id='word_1_172' title='bbox 1035 1585 1139 1624; x_wconf 86' lang='lat' dir='ltr'><strong>mol-</strong></span> 
     </span>
     <span class='ocr_line' id='line_1_28' title="bbox 322 1641 1139 1697; baseline 0.001 -16"><span class='ocrx_word' id='word_1_173' title='bbox 322 1642 420 1681; x_wconf 78' lang='lat' dir='ltr'><strong>liat=</strong></span> <span class='ocrx_word' id='word_1_174' title='bbox 444 1654 486 1683; x_wconf 90' lang='lat' dir='ltr'><strong>ut</strong></span> <span class='ocrx_word' id='word_1_175' title='bbox 507 1644 552 1683; x_wconf 82' lang='lat' dir='ltr'><strong>in</strong></span> <span class='ocrx_word' id='word_1_176' title='bbox 578 1641 697 1697; x_wconf 82' lang='lat' dir='ltr'><strong>Epist.</strong></span> <span class='ocrx_word' id='word_1_177' title='bbox 712 1643 811 1697; x_wconf 81' lang='lat' dir='ltr'><strong>apud</strong></span> <span class='ocrx_word' id='word_1_178' title='bbox 825 1643 910 1685; x_wconf 89' lang='lat' dir='ltr'><strong>Gic.</strong></span> <span class='ocrx_word' id='word_1_179' title='bbox 926 1642 993 1683; x_wconf 85' lang='lat' dir='ltr'><strong>est.</strong></span> <span class='ocrx_word' id='word_1_180' title='bbox 1008 1644 1081 1695; x_wconf 89' lang='lat' dir='ltr'><strong>l.4,</strong></span> <span class='ocrx_word' id='word_1_181' title='bbox 1099 1655 1139 1696; x_wconf 81' lang='grc' dir='ltr'><strong>ς.</strong></span> 
     </span>
     <span class='ocr_line' id='line_1_29' title="bbox 323 1700 685 1740; baseline -0.006 0"><span class='ocrx_word' id='word_1_182' title='bbox 323 1700 470 1740; x_wconf 72' lang='lat' dir='ltr'><strong>Taubm.</strong></span> <span class='ocrx_word' id='word_1_183' title='bbox 682 1726 685 1728; x_wconf 93' lang='lat'><em>-</em></span> 
     </span>
    </p>

    <p class='ocr_par' dir='ltr' id='par_1_12' title="bbox 328 1754 1143 1976">
     <span class='ocr_line' id='line_1_30' title="bbox 387 1754 1139 1809; baseline -0.001 -14"><span class='ocrx_word' id='word_1_184' title='bbox 387 1768 435 1809; x_wconf 84' lang='lat'><strong>43</strong></span> <span class='ocrx_word' id='word_1_185' title='bbox 449 1772 485 1807; x_wconf 87' lang='lat'><strong>5.</strong></span> <span class='ocrx_word' id='word_1_186' title='bbox 514 1764 581 1797; x_wconf 85' lang='lat' dir='ltr'><strong>Oro</strong></span> <span class='ocrx_word' id='word_1_187' title='bbox 591 1754 1139 1809; x_wconf 76' lang='lat' dir='ltr'><strong>veniam.]13eneficium:jnxta</strong></span> 
     </span>
     <span class='ocr_line' id='line_1_31' title="bbox 328 1815 1142 1866; baseline 0 -16"><span class='ocrx_word' id='word_1_188' title='bbox 328 1823 484 1852; x_wconf 82' lang='lat' dir='ltr'><strong>morem</strong></span> <span class='ocrx_word' id='word_1_189' title='bbox 495 1815 714 1866; x_wconf 86' lang='lat' dir='ltr'><strong>antiquum:</strong></span> <span class='ocrx_word' id='word_1_190' title='bbox 739 1825 798 1860; x_wconf 77' lang='lat' dir='ltr'><strong>ut,</strong></span> <span class='ocrx_word' id='word_1_191' title='bbox 821 1820 971 1854; x_wconf 81' lang='lat' dir='ltr'><strong>Orantes</strong></span> <span class='ocrx_word' id='word_1_192' title='bbox 982 1815 1142 1853; x_wconf 76' lang='lat' dir='ltr'><strong>veniam.</strong></span> 
     </span>
     <span class='ocr_line' id='line_1_32' title="bbox 328 1869 1143 1925; baseline 0 -17"><span class='ocrx_word' id='word_1_193' title='bbox 328 1872 488 1910; x_wconf 77' lang='lat' dir='ltr'><strong>Terent.</strong></span> <span class='ocrx_word' id='word_1_194' title='bbox 518 1871 562 1910; x_wconf 83' lang='lat' dir='ltr'><strong>in</strong></span> <span class='ocrx_word' id='word_1_195' title='bbox 588 1874 733 1925; x_wconf 78' lang='lat' dir='ltr'><strong>Hecyra</strong></span> <span class='ocrx_word' id='word_1_196' title='bbox 748 1884 759 1909; x_wconf 74' lang='grc' dir='ltr'><strong>ε</strong></span> <span class='ocrx_word' id='word_1_197' title='bbox 789 1873 848 1909; x_wconf 84' lang='lat' dir='ltr'><strong>Mi</strong></span> <span class='ocrx_word' id='word_1_198' title='bbox 856 1881 967 1925; x_wconf 78' lang='lat' dir='ltr'><strong>gnate</strong></span> <span class='ocrx_word' id='word_1_199' title='bbox 980 1896 992 1915; x_wconf 87' lang='lat'>‚</span> <span class='ocrx_word' id='word_1_200' title='bbox 1020 1869 1068 1908; x_wconf 81' lang='lat' dir='ltr'><strong>da</strong></span> <span class='ocrx_word' id='word_1_201' title='bbox 1082 1885 1143 1909; x_wconf 73' lang='lat' dir='ltr'><strong>ve-</strong></span> 
     </span>
     <span class='ocr_line' id='line_1_33' title="bbox 330 1926 1099 1976; baseline 0.001 -11"><span class='ocrx_word' id='word_1_202' title='bbox 330 1927 430 1966; x_wconf 73' lang='lat' dir='ltr'><strong>niam</strong></span> <span class='ocrx_word' id='word_1_203' title='bbox 441 1927 533 1967; x_wconf 79' lang='lat' dir='ltr'><strong>hanc</strong></span> <span class='ocrx_word' id='word_1_204' title='bbox 544 1927 634 1967; x_wconf 76' lang='lat' dir='ltr'><em>mihi</em></span> <span class='ocrx_word' id='word_1_205' title='bbox 646 1955 661 1976; x_wconf 88' lang='lat'><em>,</em></span> <span class='ocrx_word' id='word_1_206' title='bbox 672 1928 777 1967; x_wconf 75' lang='lat' dir='ltr'><strong>reduc</strong></span> <span class='ocrx_word' id='word_1_207' title='bbox 789 1929 902 1966; x_wconf 86' lang='lat' dir='ltr'><strong>illam.</strong></span> <span class='ocrx_word' id='word_1_208' title='bbox 935 1926 1099 1966; x_wconf 87' lang='lat' dir='ltr'><strong>Servius.</strong></span> 
     </span>
    </p>

    <p class='ocr_par' dir='ltr' id='par_1_13' title="bbox 334 1983 1142 2092">
     <span class='ocr_line' id='line_1_34' title="bbox 390 1983 1142 2038; baseline -0.003 -14"><span class='ocrx_word' id='word_1_209' title='bbox 390 1984 728 2038; x_wconf 64' lang='lat' dir='ltr'><strong>Mfireresbroris]</strong></span> <span class='ocrx_word' id='word_1_210' title='bbox 748 1983 977 2024; x_wconf 77' lang='lat' dir='ltr'><strong>Genitivum</strong></span> <span class='ocrx_word' id='word_1_211' title='bbox 989 1993 1142 2023; x_wconf 78' lang='lat' dir='ltr'><strong>tantum</strong></span> 
     </span>
     <span class='ocr_line' id='line_1_35' title="bbox 334 2039 594 2092; baseline 0.012 -14"><span class='ocrx_word' id='word_1_212' title='bbox 334 2039 449 2092; x_wconf 87' lang='lat' dir='ltr'><strong>regit.</strong></span> <span class='ocrx_word' id='word_1_213' title='bbox 477 2041 594 2081; x_wconf 81' lang='lat' dir='ltr'><strong>Idem.</strong></span> 
     </span>
    </p>

    <p class='ocr_par' dir='ltr' id='par_1_14' title="bbox 327 2095 1145 2436">
     <span class='ocr_line' id='line_1_36' title="bbox 386 2095 1143 2153; baseline -0.003 -16"><span class='ocrx_word' id='word_1_214' title='bbox 386 2102 436 2149; x_wconf 81' lang='lat'><strong>43</strong></span> <span class='ocrx_word' id='word_1_215' title='bbox 447 2096 482 2137; x_wconf 90' lang='lat'><strong>6.</strong></span> <span class='ocrx_word' id='word_1_216' title='bbox 521 2102 644 2153; x_wconf 75' lang='lat' dir='ltr'><strong>Qam</strong></span> <span class='ocrx_word' id='word_1_217' title='bbox 657 2096 745 2138; x_wconf 83' lang='lat' dir='ltr'><strong>mihi</strong></span> <span class='ocrx_word' id='word_1_218' title='bbox 755 2112 830 2137; x_wconf 84' lang='lat' dir='ltr'><strong>cum</strong></span> <span class='ocrx_word' id='word_1_219' title='bbox 843 2095 985 2137; x_wconf 72' lang='lat' dir='ltr'><strong>dederis</strong></span> <span class='ocrx_word' id='word_1_220' title='bbox 998 2125 1014 2144; x_wconf 86' lang='lat'><em>,</em></span> <span class='ocrx_word' id='word_1_221' title='bbox 1025 2112 1143 2136; x_wconf 87' lang='lat' dir='ltr'><strong>cumu-</strong></span> 
     </span>
     <span class='ocr_line' id='line_1_37' title="bbox 327 2151 1142 2208; baseline 0.001 -18"><span class='ocrx_word' id='word_1_222' title='bbox 327 2154 406 2192; x_wconf 79' lang='lat' dir='ltr'><strong>lata</strong></span> <span class='ocrx_word' id='word_1_223' title='bbox 416 2166 523 2194; x_wconf 80' lang='lat' dir='ltr'><strong>morte</strong></span> <span class='ocrx_word' id='word_1_224' title='bbox 535 2154 753 2204; x_wconf 67' lang='lat' dir='ltr'><strong>remittam]</strong></span> <span class='ocrx_word' id='word_1_225' title='bbox 782 2151 918 2195; x_wconf 87' lang='lat' dir='ltr'><strong>Sensus</strong></span> <span class='ocrx_word' id='word_1_226' title='bbox 930 2152 982 2192; x_wconf 89' lang='lat' dir='ltr'><strong>est</strong></span> <span class='ocrx_word' id='word_1_227' title='bbox 995 2181 1007 2199; x_wconf 91' lang='lat'>‚</span> <span class='ocrx_word' id='word_1_228' title='bbox 1025 2152 1142 2208; x_wconf 79' lang='lat' dir='ltr'><strong>Qod</strong></span> 
     </span>
     <span class='ocr_line' id='line_1_38' title="bbox 327 2207 1144 2253; baseline 0.001 -5"><span class='ocrx_word' id='word_1_229' title='bbox 327 2207 560 2250; x_wconf 83' lang='lat' dir='ltr'><strong>beneficium</strong></span> <span class='ocrx_word' id='word_1_230' title='bbox 571 2224 658 2253; x_wconf 89' lang='lat' dir='ltr'><strong>cum</strong></span> <span class='ocrx_word' id='word_1_231' title='bbox 671 2210 772 2250; x_wconf 88' lang='lat' dir='ltr'><strong>mihi</strong></span> <span class='ocrx_word' id='word_1_232' title='bbox 784 2211 1017 2250; x_wconf 83' lang='lat' dir='ltr'><strong>cumulatum</strong></span> <span class='ocrx_word' id='word_1_233' title='bbox 1029 2210 1144 2249; x_wconf 88' lang='lat' dir='ltr'><strong>dede-</strong></span> 
     </span>
     <span class='ocr_line' id='line_1_39' title="bbox 327 2264 1145 2322; baseline 0.001 -17"><span class='ocrx_word' id='word_1_234' title='bbox 327 2266 400 2313; x_wconf 74' lang='lat' dir='ltr'><strong>ris,</strong></span> <span class='ocrx_word' id='word_1_235' title='bbox 418 2264 499 2307; x_wconf 89' lang='lat' dir='ltr'><strong>sola</strong></span> <span class='ocrx_word' id='word_1_236' title='bbox 511 2281 637 2308; x_wconf 88' lang='lat' dir='ltr'><strong>morte</strong></span> <span class='ocrx_word' id='word_1_237' title='bbox 662 2268 928 2322; x_wconf 83' lang='lat' dir='ltr'><strong>derelinquam</strong></span> <span class='ocrx_word' id='word_1_238' title='bbox 949 2280 959 2304; x_wconf 79' lang='lat' dir='ltr'><em>z</em></span> <span class='ocrx_word' id='word_1_239' title='bbox 987 2268 1028 2306; x_wconf 86' lang='lat'>&amp;</span> <span class='ocrx_word' id='word_1_240' title='bbox 1053 2266 1145 2306; x_wconf 88' lang='lat' dir='ltr'><strong>hinc</strong></span> 
     </span>
     <span class='ocr_line' id='line_1_40' title="bbox 329 2321 1141 2379; baseline 0.001 -17"><span class='ocrx_word' id='word_1_241' title='bbox 329 2322 553 2365; x_wconf 61' lang='lat' dir='ltr'><strong>intellectus</strong></span> <span class='ocrx_word' id='word_1_242' title='bbox 565 2324 618 2365; x_wconf 89' lang='lat' dir='ltr'><strong>est</strong></span> <span class='ocrx_word' id='word_1_243' title='bbox 632 2326 772 2365; x_wconf 89' lang='lat' dir='ltr'><strong>melior</strong></span> <span class='ocrx_word' id='word_1_244' title='bbox 784 2354 797 2372; x_wconf 83' lang='lat'>‚</span> <span class='ocrx_word' id='word_1_245' title='bbox 830 2324 935 2379; x_wconf 86' lang='lat' dir='ltr'><strong>quod</strong></span> <span class='ocrx_word' id='word_1_246' title='bbox 949 2321 1071 2364; x_wconf 82' lang='lat' dir='ltr'><strong>sorori</strong></span> <span class='ocrx_word' id='word_1_247' title='bbox 1082 2324 1141 2364; x_wconf 88' lang='lat' dir='ltr'><strong>lo-</strong></span> 
     </span>
     <span class='ocr_line' id='line_1_41' title="bbox 328 2381 1144 2436; baseline 0.001 -15"><span class='ocrx_word' id='word_1_248' title='bbox 328 2381 576 2434; x_wconf 82' lang='lat' dir='ltr'><strong>quitur:Nam</strong></span> <span class='ocrx_word' id='word_1_249' title='bbox 587 2383 690 2422; x_wconf 88' lang='lat' dir='ltr'><strong>male</strong></span> <span class='ocrx_word' id='word_1_250' title='bbox 701 2381 857 2436; x_wconf 84' lang='lat' dir='ltr'><strong>quidam</strong></span> <span class='ocrx_word' id='word_1_251' title='bbox 868 2384 1015 2434; x_wconf 79' lang='lat' dir='ltr'><strong>legunt,</strong></span> <span class='ocrx_word' id='word_1_252' title='bbox 1023 2386 1144 2436; x_wconf 75' lang='lat' dir='ltr'><strong>Qam</strong></span> 
     </span>
    </p>

    <p class='ocr_par' dir='ltr' id='par_1_15' title="bbox 306 2439 1145 2944">
     <span class='ocr_line' id='line_1_42' title="bbox 306 2439 1140 2490; baseline 0.001 -13"><span class='ocrx_word' id='word_1_253' title='bbox 306 2452 309 2454; x_wconf 90' lang='grc'><em>·</em></span> <span class='ocrx_word' id='word_1_254' title='bbox 334 2439 426 2478; x_wconf 79' lang='lat' dir='ltr'><strong>mihi</strong></span> <span class='ocrx_word' id='word_1_255' title='bbox 436 2456 512 2490; x_wconf 63' lang='lat' dir='ltr'><strong>cum</strong></span> <span class='ocrx_word' id='word_1_256' title='bbox 523 2439 666 2480; x_wconf 71' lang='lat' dir='ltr'><strong>dederit</strong></span> <span class='ocrx_word' id='word_1_257' title='bbox 678 2467 690 2486; x_wconf 88' lang='lat'><strong>,</strong></span> <span class='ocrx_word' id='word_1_258' title='bbox 716 2439 756 2479; x_wconf 89' lang='lat' dir='ltr'><strong>id</strong></span> <span class='ocrx_word' id='word_1_259' title='bbox 782 2439 834 2479; x_wconf 86' lang='lat' dir='ltr'><strong>est</strong></span> <span class='ocrx_word' id='word_1_260' title='bbox 850 2467 864 2486; x_wconf 91' lang='lat'><strong>,</strong></span> <span class='ocrx_word' id='word_1_261' title='bbox 887 2443 1029 2481; x_wconf 72' lang='lat' dir='ltr'><strong>AEneas</strong></span> <span class='ocrx_word' id='word_1_262' title='bbox 1042 2467 1055 2484; x_wconf 88' lang='lat'>,</span> <span class='ocrx_word' id='word_1_263' title='bbox 1083 2454 1140 2478; x_wconf 81' lang='lat' dir='ltr'><strong>cu-</strong></span> 
     </span>
     <span class='ocr_line' id='line_1_43' title="bbox 332 2495 1141 2552; baseline 0 -18"><span class='ocrx_word' id='word_1_264' title='bbox 332 2498 473 2535; x_wconf 79' lang='lat' dir='ltr'><strong>mulata</strong></span> <span class='ocrx_word' id='word_1_265' title='bbox 494 2508 602 2546; x_wconf 81' lang='lat' dir='ltr'><strong>morte</strong></span> <span class='ocrx_word' id='word_1_266' title='bbox 623 2499 816 2552; x_wconf 77' lang='lat' dir='ltr'><strong>relinquam</strong></span> <span class='ocrx_word' id='word_1_267' title='bbox 832 2513 846 2536; x_wconf 80' lang='lat'><strong>.-</strong></span> <span class='ocrx_word' id='word_1_268' title='bbox 875 2497 917 2535; x_wconf 86' lang='lat'>&amp;</span> <span class='ocrx_word' id='word_1_269' title='bbox 928 2496 1068 2538; x_wconf 87' lang='lat' dir='ltr'><strong>volunt</strong></span> <span class='ocrx_word' id='word_1_270' title='bbox 1079 2495 1141 2535; x_wconf 89' lang='lat' dir='ltr'><strong>in-</strong></span> 
     </span>
     <span class='ocr_line' id='line_1_44' title="bbox 331 2551 1139 2607; baseline 0 -16"><span class='ocrx_word' id='word_1_271' title='bbox 331 2552 460 2607; x_wconf 82' lang='lat' dir='ltr'><strong>telligi</strong></span> <span class='ocrx_word' id='word_1_272' title='bbox 473 2582 488 2602; x_wconf 91' lang='lat'>‚</span> <span class='ocrx_word' id='word_1_273' title='bbox 514 2564 714 2606; x_wconf 86' lang='lat' dir='ltr'><strong>acceptum</strong></span> <span class='ocrx_word' id='word_1_274' title='bbox 738 2551 786 2593; x_wconf 88' lang='lat' dir='ltr'><strong>ab</strong></span> <span class='ocrx_word' id='word_1_275' title='bbox 799 2553 873 2592; x_wconf 86' lang='lat' dir='ltr'><strong>illo</strong></span> <span class='ocrx_word' id='word_1_276' title='bbox 886 2551 1139 2600; x_wconf 87' lang='lat' dir='ltr'><strong>beneficium,</strong></span> 
     </span>
     <span class='ocr_line' id='line_1_45' title="bbox 335 2608 1141 2664; baseline 0 -16"><span class='ocrx_word' id='word_1_277' title='bbox 335 2621 422 2649; x_wconf 82' lang='lat' dir='ltr'><strong>mea</strong></span> <span class='ocrx_word' id='word_1_278' title='bbox 435 2621 561 2650; x_wconf 86' lang='lat' dir='ltr'><strong>morte</strong></span> <span class='ocrx_word' id='word_1_279' title='bbox 573 2609 838 2659; x_wconf 80' lang='lat' dir='ltr'><strong>cumulabo,&amp;</strong></span> <span class='ocrx_word' id='word_1_280' title='bbox 850 2608 898 2649; x_wconf 83' lang='lat' dir='ltr'><strong>fic</strong></span> <span class='ocrx_word' id='word_1_281' title='bbox 909 2610 1141 2664; x_wconf 82' lang='lat' dir='ltr'><strong>relinquam:</strong></span> 
     </span>
     <span class='ocr_line' id='line_1_46' title="bbox 334 2665 1139 2713; baseline 0.001 -9"><span class='ocrx_word' id='word_1_282' title='bbox 334 2676 380 2705; x_wconf 88' lang='lat' dir='ltr'><strong>ut</strong></span> <span class='ocrx_word' id='word_1_283' title='bbox 403 2678 578 2707; x_wconf 85' lang='lat' dir='ltr'><strong>amantes</strong></span> <span class='ocrx_word' id='word_1_284' title='bbox 603 2668 728 2708; x_wconf 85' lang='lat' dir='ltr'><strong>dicere</strong></span> <span class='ocrx_word' id='word_1_285' title='bbox 749 2665 1028 2707; x_wconf 84' lang='lat' dir='ltr'><strong>consueverunt</strong></span> <span class='ocrx_word' id='word_1_286' title='bbox 1039 2695 1051 2713; x_wconf 94' lang='lat'><strong><em>,</em></strong></span> <span class='ocrx_word' id='word_1_287' title='bbox 1083 2676 1139 2712; x_wconf 86' lang='lat' dir='ltr'><strong>ur,</strong></span> 
     </span>
     <span class='ocr_line' id='line_1_47' title="bbox 333 2723 1141 2779; baseline -0.004 -15"><span class='ocrx_word' id='word_1_288' title='bbox 333 2729 492 2779; x_wconf 64' lang='lat' dir='ltr'><strong>Praeceps</strong></span> <span class='ocrx_word' id='word_1_289' title='bbox 510 2727 601 2765; x_wconf 56' lang='lat' dir='ltr'><strong>aerii</strong></span> <span class='ocrx_word' id='word_1_290' title='bbox 611 2727 754 2778; x_wconf 68' lang='lat' dir='ltr'><strong>specula</strong></span> <span class='ocrx_word' id='word_1_291' title='bbox 779 2724 824 2763; x_wconf 86' lang='lat' dir='ltr'><strong>de</strong></span> <span class='ocrx_word' id='word_1_292' title='bbox 837 2724 965 2764; x_wconf 72' lang='lat' dir='ltr'><strong>montis</strong></span> <span class='ocrx_word' id='word_1_293' title='bbox 976 2727 1015 2763; x_wconf 84' lang='lat' dir='ltr'><strong>in</strong></span> <span class='ocrx_word' id='word_1_294' title='bbox 1027 2723 1141 2763; x_wconf 79' lang='lat' dir='ltr'><strong>undas</strong></span> 
     </span>
     <span class='ocr_line' id='line_1_48' title="bbox 333 2780 1144 2831; baseline -0.001 -10"><span class='ocrx_word' id='word_1_295' title='bbox 333 2784 492 2831; x_wconf 77' lang='lat' dir='ltr'><strong>Deferar</strong></span> <span class='ocrx_word' id='word_1_296' title='bbox 507 2808 524 2829; x_wconf 83' lang='lat'><em>‚</em></span> <span class='ocrx_word' id='word_1_297' title='bbox 549 2794 752 2822; x_wconf 83' lang='lat' dir='ltr'><strong>extremum</strong></span> <span class='ocrx_word' id='word_1_298' title='bbox 761 2782 820 2820; x_wconf 80' lang='lat' dir='ltr'><strong>hoc</strong></span> <span class='ocrx_word' id='word_1_299' title='bbox 830 2797 955 2821; x_wconf 78' lang='lat' dir='ltr'><strong>munus</strong></span> <span class='ocrx_word' id='word_1_300' title='bbox 965 2780 1144 2821; x_wconf 67' lang='lat' dir='ltr'><strong>morientia·</strong></span> 
     </span>
     <span class='ocr_line' id='line_1_49' title="bbox 332 2835 1143 2883; baseline 0 -8"><span class='ocrx_word' id='word_1_301' title='bbox 332 2835 471 2878; x_wconf 64' lang='lat' dir='ltr'><strong>habero.</strong></span> <span class='ocrx_word' id='word_1_302' title='bbox 504 2841 606 2878; x_wconf 84' lang='lat' dir='ltr'><strong>Nam</strong></span> <span class='ocrx_word' id='word_1_303' title='bbox 618 2838 645 2877; x_wconf 85' lang='lat' dir='ltr'>fi</span> <span class='ocrx_word' id='word_1_304' title='bbox 655 2851 741 2878; x_wconf 88' lang='lat' dir='ltr'><strong>eam</strong></span> <span class='ocrx_word' id='word_1_305' title='bbox 754 2838 850 2877; x_wconf 79' lang='lat' dir='ltr'><strong>odio</strong></span> <span class='ocrx_word' id='word_1_306' title='bbox 861 2836 976 2877; x_wconf 84' lang='lat' dir='ltr'><strong>habet</strong></span> <span class='ocrx_word' id='word_1_307' title='bbox 989 2841 1143 2883; x_wconf 59' lang='lat' dir='ltr'><strong>¹Rimas,</strong></span> 
     </span>
     <span class='ocr_line' id='line_1_50' title="bbox 331 2891 1145 2944; baseline 0.001 -13"><span class='ocrx_word' id='word_1_308' title='bbox 331 2892 447 2933; x_wconf 85' lang='lat' dir='ltr'><strong>restat</strong></span> <span class='ocrx_word' id='word_1_309' title='bbox 461 2908 500 2935; x_wconf 90' lang='lat' dir='ltr'><strong>ur</strong></span> <span class='ocrx_word' id='word_1_310' title='bbox 511 2897 591 2944; x_wconf 84' lang='lat' dir='ltr'><strong>ejus</strong></span> <span class='ocrx_word' id='word_1_311' title='bbox 604 2906 730 2935; x_wconf 88' lang='lat' dir='ltr'><strong>morte</strong></span> <span class='ocrx_word' id='word_1_312' title='bbox 740 2896 897 2934; x_wconf 85' lang='lat' dir='ltr'><strong>laetetur.</strong></span> <span class='ocrx_word' id='word_1_313' title='bbox 929 2898 1012 2934; x_wconf 89' lang='lat' dir='ltr'><strong>Hoc</strong></span> <span class='ocrx_word' id='word_1_314' title='bbox 1024 2891 1145 2933; x_wconf 87' lang='lat' dir='ltr'><strong>sorori</strong></span> 
     </span>
    </p>
   </div>
   <div class='ocr_carea' id='block_1_10' title="bbox 1189 1008 2037 2779">
    <p class='ocr_par' dir='ltr' id='par_1_16' title="bbox 1190 1008 2026 1238">
     <span class='ocr_line' id='line_1_51' title="bbox 1191 1008 1996 1069; baseline 0.001 -16"><span class='ocrx_word' id='word_1_315' title='bbox 1191 1023 1233 1053; x_wconf 90' lang='lat' dir='ltr'><strong>ut</strong></span> <span class='ocrx_word' id='word_1_316' title='bbox 1245 1011 1370 1052; x_wconf 84' lang='lat' dir='ltr'><strong>solent</strong></span> <span class='ocrx_word' id='word_1_317' title='bbox 1381 1013 1491 1068; x_wconf 86' lang='lat' dir='ltr'><strong>loqui</strong></span> <span class='ocrx_word' id='word_1_318' title='bbox 1502 1015 1595 1053; x_wconf 81' lang='lat' dir='ltr'><strong>mali</strong></span> <span class='ocrx_word' id='word_1_319' title='bbox 1612 1014 1757 1069; x_wconf 85' lang='lat' dir='ltr'><strong>aliquid</strong></span> <span class='ocrx_word' id='word_1_320' title='bbox 1768 1008 1996 1058; x_wconf 61' lang='lat' dir='ltr'><strong>molientes}</strong></span> 
     </span>
     <span class='ocr_line' id='line_1_52' title="bbox 1192 1069 1999 1125; baseline -0.004 -15"><span class='ocrx_word' id='word_1_321' title='bbox 1192 1073 1417 1111; x_wconf 79' lang='lat' dir='ltr'><strong>Cumulatam</strong></span> <span class='ocrx_word' id='word_1_322' title='bbox 1429 1081 1559 1110; x_wconf 86' lang='lat' dir='ltr'><strong>autem</strong></span> <span class='ocrx_word' id='word_1_323' title='bbox 1571 1075 1734 1120; x_wconf 73' lang='lat' dir='ltr'><strong>veniam,</strong></span> <span class='ocrx_word' id='word_1_324' title='bbox 1747 1071 1919 1125; x_wconf 85' lang='lat' dir='ltr'><strong>nunquid</strong></span> <span class='ocrx_word' id='word_1_325' title='bbox 1932 1069 1999 1112; x_wconf 86' lang='lat' dir='ltr'><strong>so-</strong></span> 
     </span>
     <span class='ocr_line' id='line_1_53' title="bbox 1190 1127 2026 1180; baseline 0.005 -14"><span class='ocrx_word' id='word_1_326' title='bbox 1190 1127 1309 1166; x_wconf 83' lang='lat' dir='ltr'><strong>lidam</strong></span> <span class='ocrx_word' id='word_1_327' title='bbox 1324 1128 1362 1166; x_wconf 65' lang='grc' dir='ltr'><strong>ὃς</strong></span> <span class='ocrx_word' id='word_1_328' title='bbox 1377 1128 1531 1180; x_wconf 82' lang='lat' dir='ltr'><strong>plenam</strong></span> <span class='ocrx_word' id='word_1_329' title='bbox 1547 1156 1560 1175; x_wconf 91' lang='lat'>‚</span> <span class='ocrx_word' id='word_1_330' title='bbox 1587 1129 1700 1169; x_wconf 86' lang='lat' dir='ltr'><strong>&amp;cui</strong></span> <span class='ocrx_word' id='word_1_331' title='bbox 1711 1127 1810 1168; x_wconf 89' lang='lat' dir='ltr'><strong>nihil</strong></span> <span class='ocrx_word' id='word_1_332' title='bbox 1825 1127 1917 1169; x_wconf 80' lang='lat' dir='ltr'><strong>defit</strong></span> <span class='ocrx_word' id='word_1_333' title='bbox 1928 1128 1998 1170; x_wconf 64' lang='lat' dir='ltr'><strong>de·</strong></span> <span class='ocrx_word' id='word_1_334' title='bbox 2024 1156 2026 1158; x_wconf 59' lang='lat'>&gt;</span> 
     </span>
     <span class='ocr_line' id='line_1_54' title="bbox 1194 1183 1669 1238; baseline 0.004 -15"><span class='ocrx_word' id='word_1_335' title='bbox 1194 1183 1329 1224; x_wconf 83' lang='lat' dir='ltr'><strong>bemus</strong></span> <span class='ocrx_word' id='word_1_336' title='bbox 1340 1185 1524 1238; x_wconf 74' lang='lat' dir='ltr'><strong>accipere?</strong></span> <span class='ocrx_word' id='word_1_337' title='bbox 1554 1185 1669 1226; x_wconf 56' lang='lat' dir='ltr'><strong>Idema</strong></span> 
     </span>
    </p>

    <p class='ocr_par' dir='ltr' id='par_1_17' title="bbox 1189 1238 2030 1582">
     <span class='ocr_line' id='line_1_55' title="bbox 1250 1238 2018 1293; baseline 0.005 -13"><span class='ocrx_word' id='word_1_338' title='bbox 1250 1243 1437 1281; x_wconf 79' lang='lat' dir='ltr'><strong>Cumulata</strong></span> <span class='ocrx_word' id='word_1_339' title='bbox 1460 1253 1568 1282; x_wconf 82' lang='lat' dir='ltr'><strong>morte</strong></span> <span class='ocrx_word' id='word_1_340' title='bbox 1587 1240 1807 1293; x_wconf 67' lang='lat' dir='ltr'><strong>remittam]</strong></span> <span class='ocrx_word' id='word_1_341' title='bbox 1837 1244 1886 1282; x_wconf 89' lang='lat' dir='ltr'><strong>In</strong></span> <span class='ocrx_word' id='word_1_342' title='bbox 1909 1238 2018 1283; x_wconf 46' lang='lat' dir='ltr'><strong>Me?</strong></span> 
     </span>
     <span class='ocr_line' id='line_1_56' title="bbox 1192 1295 2024 1355; baseline 0.001 -19"><span class='ocrx_word' id='word_1_343' title='bbox 1192 1295 1303 1337; x_wconf 87' lang='lat' dir='ltr'><strong>diceo</strong></span> <span class='ocrx_word' id='word_1_344' title='bbox 1313 1325 1328 1347; x_wconf 91' lang='lat'><em>,</em></span> <span class='ocrx_word' id='word_1_345' title='bbox 1353 1298 1398 1337; x_wconf 90' lang='lat' dir='ltr'><strong>in</strong></span> <span class='ocrx_word' id='word_1_346' title='bbox 1424 1299 1558 1339; x_wconf 90' lang='lat' dir='ltr'><strong>Porcio</strong></span> <span class='ocrx_word' id='word_1_347' title='bbox 1573 1328 1587 1348; x_wconf 87' lang='lat'>‚</span> <span class='ocrx_word' id='word_1_348' title='bbox 1614 1301 1654 1339; x_wconf 85' lang='lat'>&amp;</span> <span class='ocrx_word' id='word_1_349' title='bbox 1668 1299 1836 1353; x_wconf 84' lang='lat' dir='ltr'><strong>antiquis</strong></span> <span class='ocrx_word' id='word_1_350' title='bbox 1849 1299 2002 1355; x_wconf 87' lang='lat' dir='ltr'><strong>aliquot</strong></span> <span class='ocrx_word' id='word_1_351' title='bbox 2020 1312 2024 1337; x_wconf 80' lang='grc' dir='ltr'><em>ῑ</em></span> 
     </span>
     <span class='ocr_line' id='line_1_57' title="bbox 1191 1354 2030 1409; baseline 0.001 -16"><span class='ocrx_word' id='word_1_352' title='bbox 1191 1354 1276 1394; x_wconf 83' lang='lat' dir='ltr'><strong>aliis</strong></span> <span class='ocrx_word' id='word_1_353' title='bbox 1298 1354 1525 1403; x_wconf 87' lang='lat' dir='ltr'><strong>codicibus,</strong></span> <span class='ocrx_word' id='word_1_354' title='bbox 1555 1359 1734 1396; x_wconf 83' lang='lat' dir='ltr'><strong>remittam</strong></span> <span class='ocrx_word' id='word_1_355' title='bbox 1757 1357 1905 1409; x_wconf 80' lang='lat' dir='ltr'><strong>legitur.</strong></span> <span class='ocrx_word' id='word_1_356' title='bbox 1939 1360 2002 1398; x_wconf 79' lang='lat' dir='ltr'><strong>Tu</strong></span> <span class='ocrx_word' id='word_1_357' title='bbox 2025 1374 2030 1394; x_wconf 81' lang='grc' dir='ltr'><strong><em>ι</em></strong></span> 
     </span>
     <span class='ocr_line' id='line_1_58' title="bbox 1193 1412 2002 1467; baseline 0.005 -17"><span class='ocrx_word' id='word_1_358' title='bbox 1193 1424 1283 1451; x_wconf 84' lang='lat' dir='ltr'><strong>vero</strong></span> <span class='ocrx_word' id='word_1_359' title='bbox 1294 1412 1387 1467; x_wconf 89' lang='lat' dir='ltr'><strong>quid</strong></span> <span class='ocrx_word' id='word_1_360' title='bbox 1401 1412 1463 1452; x_wconf 92' lang='lat' dir='ltr'><strong>hic</strong></span> <span class='ocrx_word' id='word_1_361' title='bbox 1477 1413 1625 1453; x_wconf 82' lang='lat' dir='ltr'><strong>Servius</strong></span> <span class='ocrx_word' id='word_1_362' title='bbox 1638 1426 1681 1453; x_wconf 80' lang='lat' dir='ltr'><strong>ex</strong></span> <span class='ocrx_word' id='word_1_363' title='bbox 1692 1416 1823 1453; x_wconf 80' lang='lat' dir='ltr'><strong>Tuccae</strong></span> <span class='ocrx_word' id='word_1_364' title='bbox 1840 1414 1879 1453; x_wconf 86' lang='lat'>&amp;</span> <span class='ocrx_word' id='word_1_365' title='bbox 1893 1414 2002 1454; x_wconf 81' lang='lat' dir='ltr'><strong>Varri</strong></span> 
     </span>
     <span class='ocr_line' id='line_1_59' title="bbox 1191 1465 2012 1523; baseline -0.001 -16"><span class='ocrx_word' id='word_1_366' title='bbox 1191 1465 1381 1509; x_wconf 85' lang='lat' dir='ltr'><strong>sententia</strong></span> <span class='ocrx_word' id='word_1_367' title='bbox 1394 1467 1559 1523; x_wconf 79' lang='lat' dir='ltr'><strong>disputet</strong></span> <span class='ocrx_word' id='word_1_368' title='bbox 1572 1498 1589 1519; x_wconf 89' lang='lat'><em>,</em></span> <span class='ocrx_word' id='word_1_369' title='bbox 1608 1470 1763 1510; x_wconf 87' lang='lat' dir='ltr'><strong>videris.</strong></span> <span class='ocrx_word' id='word_1_370' title='bbox 1790 1470 1930 1522; x_wconf 75' lang='lat' dir='ltr'><strong>legitur</strong></span> <span class='ocrx_word' id='word_1_371' title='bbox 1957 1472 2012 1512; x_wconf 77' lang='grc' dir='ltr'><strong>δε,</strong></span> 
     </span>
     <span class='ocr_line' id='line_1_60' title="bbox 1189 1527 1937 1582; baseline 0.004 -17"><span class='ocrx_word' id='word_1_372' title='bbox 1189 1532 1405 1567; x_wconf 74' lang='lat' dir='ltr'><strong>cumulatam</strong></span> <span class='ocrx_word' id='word_1_373' title='bbox 1416 1538 1525 1567; x_wconf 82' lang='lat' dir='ltr'><strong>morte</strong></span> <span class='ocrx_word' id='word_1_374' title='bbox 1534 1528 1747 1582; x_wconf 75' lang='lat' dir='ltr'><strong>relinquam.</strong></span> <span class='ocrx_word' id='word_1_375' title='bbox 1778 1527 1937 1568; x_wconf 80' lang='lat' dir='ltr'><strong>Pierius.</strong></span> 
     </span>
    </p>

    <p class='ocr_par' dir='ltr' id='par_1_18' title="bbox 1190 1582 2034 1865">
     <span class='ocr_line' id='line_1_61' title="bbox 1263 1582 2026 1641; baseline 0.003 -18"><span class='ocrx_word' id='word_1_376' title='bbox 1263 1588 1387 1641; x_wconf 66' lang='lat' dir='ltr'><strong>Qum</strong></span> <span class='ocrx_word' id='word_1_377' title='bbox 1412 1584 1502 1624; x_wconf 76' lang='lat' dir='ltr'><em>mihi</em></span> <span class='ocrx_word' id='word_1_378' title='bbox 1525 1600 1601 1624; x_wconf 84' lang='lat' dir='ltr'><strong>cum</strong></span> <span class='ocrx_word' id='word_1_379' title='bbox 1624 1584 1767 1624; x_wconf 77' lang='lat' dir='ltr'><strong>dederis</strong></span> <span class='ocrx_word' id='word_1_380' title='bbox 1782 1610 1794 1629; x_wconf 90' lang='lat'><strong>,</strong></span> <span class='ocrx_word' id='word_1_381' title='bbox 1818 1584 1924 1636; x_wconf 61' lang='grc' dir='ltr'><strong>ἔφα]</strong></span> <span class='ocrx_word' id='word_1_382' title='bbox 1958 1582 2000 1625; x_wconf 67' lang='lat' dir='ltr'><strong>Si</strong></span> <span class='ocrx_word' id='word_1_383' title='bbox 2024 1594 2026 1596; x_wconf 78' lang='grc'>’</span> 
     </span>
     <span class='ocr_line' id='line_1_62' title="bbox 1194 1638 2034 1690; baseline 0.004 -11"><span class='ocrx_word' id='word_1_384' title='bbox 1194 1639 1292 1680; x_wconf 84' lang='lat' dir='ltr'><strong>mihi</strong></span> <span class='ocrx_word' id='word_1_385' title='bbox 1306 1669 1318 1687; x_wconf 89' lang='lat'>‚</span> <span class='ocrx_word' id='word_1_386' title='bbox 1349 1638 1457 1681; x_wconf 81' lang='lat' dir='ltr'><strong>soror</strong></span> <span class='ocrx_word' id='word_1_387' title='bbox 1471 1669 1482 1688; x_wconf 64' lang='lat' dir='ltr'><strong>s,</strong></span> <span class='ocrx_word' id='word_1_388' title='bbox 1512 1641 1611 1682; x_wconf 88' lang='lat' dir='ltr'><strong>hanc</strong></span> <span class='ocrx_word' id='word_1_389' title='bbox 1645 1642 1799 1682; x_wconf 69' lang='lat' dir='ltr'><strong>veniam</strong></span> <span class='ocrx_word' id='word_1_390' title='bbox 1834 1641 2005 1690; x_wconf 79' lang='lat' dir='ltr'><strong>dederis,</strong></span> <span class='ocrx_word' id='word_1_391' title='bbox 2018 1655 2034 1683; x_wconf 68' lang='grc'><strong>’,</strong></span> 
     </span>
     <span class='ocr_line' id='line_1_63' title="bbox 1194 1695 1998 1753; baseline 0.001 -17"><span class='ocrx_word' id='word_1_392' title='bbox 1194 1709 1279 1736; x_wconf 87' lang='lat' dir='ltr'><strong>non</strong></span> <span class='ocrx_word' id='word_1_393' title='bbox 1292 1699 1434 1737; x_wconf 84' lang='lat' dir='ltr'><strong>moriar</strong></span> <span class='ocrx_word' id='word_1_394' title='bbox 1450 1698 1551 1750; x_wconf 83' lang='lat' dir='ltr'><strong>prius</strong></span> <span class='ocrx_word' id='word_1_395' title='bbox 1563 1727 1576 1745; x_wconf 89' lang='lat'>,</span> <span class='ocrx_word' id='word_1_396' title='bbox 1607 1711 1723 1753; x_wconf 88' lang='lat' dir='ltr'><strong>quam</strong></span> <span class='ocrx_word' id='word_1_397' title='bbox 1736 1695 1810 1736; x_wconf 88' lang='lat' dir='ltr'><strong>ribi</strong></span> <span class='ocrx_word' id='word_1_398' title='bbox 1824 1698 1998 1738; x_wconf 87' lang='lat' dir='ltr'><strong>cumula-</strong></span> 
     </span>
     <span class='ocr_line' id='line_1_64' title="bbox 1192 1752 2011 1796; baseline 0.004 -3"><span class='ocrx_word' id='word_1_399' title='bbox 1192 1752 1333 1794; x_wconf 83' lang='lat' dir='ltr'><strong>tiffime</strong></span> <span class='ocrx_word' id='word_1_400' title='bbox 1344 1752 1588 1794; x_wconf 77' lang='lat' dir='ltr'><strong>satisfaciam.</strong></span> <span class='ocrx_word' id='word_1_401' title='bbox 1622 1757 1676 1794; x_wconf 87' lang='lat' dir='ltr'><strong>ita</strong></span> <span class='ocrx_word' id='word_1_402' title='bbox 1687 1752 1859 1794; x_wconf 84' lang='lat' dir='ltr'><strong>Turneb.</strong></span> <span class='ocrx_word' id='word_1_403' title='bbox 1886 1756 2011 1796; x_wconf 80' lang='lat' dir='ltr'><strong>l.20.-</strong></span> 
     </span>
     <span class='ocr_line' id='line_1_65' title="bbox 1190 1811 1883 1865; baseline 0 -14"><span class='ocrx_word' id='word_1_404' title='bbox 1190 1823 1225 1851; x_wconf 86' lang='lat' dir='ltr'><strong>c.</strong></span> <span class='ocrx_word' id='word_1_405' title='bbox 1240 1824 1263 1851; x_wconf 92' lang='lat'>2</span> <span class='ocrx_word' id='word_1_406' title='bbox 1274 1824 1306 1851; x_wconf 84' lang='lat'><strong>1.</strong></span> <span class='ocrx_word' id='word_1_407' title='bbox 1323 1812 1363 1851; x_wconf 66' lang='grc' dir='ltr'><strong>ὅ(</strong></span> <span class='ocrx_word' id='word_1_408' title='bbox 1376 1812 1543 1865; x_wconf 79' lang='lat' dir='ltr'><strong>plerique</strong></span> <span class='ocrx_word' id='word_1_409' title='bbox 1556 1824 1707 1851; x_wconf 80' lang='lat' dir='ltr'><strong>omnes.</strong></span> <span class='ocrx_word' id='word_1_410' title='bbox 1740 1811 1883 1852; x_wconf 85' lang='lat' dir='ltr'><strong>Taubm-</strong></span> 
     </span>
    </p>

    <p class='ocr_par' dir='ltr' id='par_1_19' title="bbox 1190 1865 2037 2209">
     <span class='ocr_line' id='line_1_66' title="bbox 1247 1865 2037 1922; baseline 0.003 -14"><span class='ocrx_word' id='word_1_411' title='bbox 1247 1880 1341 1920; x_wconf 80' lang='lat'>437.</span> <span class='ocrx_word' id='word_1_412' title='bbox 1375 1868 1673 1920; x_wconf 63' lang='lat' dir='ltr'><strong>Talibmorabac]</strong></span> <span class='ocrx_word' id='word_1_413' title='bbox 1688 1872 1767 1908; x_wconf 85' lang='lat' dir='ltr'><strong>Aut</strong></span> <span class='ocrx_word' id='word_1_414' title='bbox 1777 1865 2006 1922; x_wconf 59' lang='lat' dir='ltr'><strong>simplicitet</strong></span> <span class='ocrx_word' id='word_1_415' title='bbox 2030 1884 2037 1899; x_wconf 50' lang='lat' dir='ltr'><strong>r</strong></span> 
     </span>
     <span class='ocr_line' id='line_1_67' title="bbox 1193 1923 2004 1981; baseline 0.004 -19"><span class='ocrx_word' id='word_1_416' title='bbox 1193 1925 1457 1978; x_wconf 82' lang='lat' dir='ltr'><strong>accipiendum</strong></span> <span class='ocrx_word' id='word_1_417' title='bbox 1485 1938 1496 1964; x_wconf 73' lang='grc' dir='ltr'><strong>ε</strong></span> <span class='ocrx_word' id='word_1_418' title='bbox 1532 1923 1779 1981; x_wconf 85' lang='lat' dir='ltr'><strong>Loquebatur</strong></span> <span class='ocrx_word' id='word_1_419' title='bbox 1792 1952 1807 1972; x_wconf 90' lang='lat'><em>‚</em></span> <span class='ocrx_word' id='word_1_420' title='bbox 1829 1934 1894 1965; x_wconf 87' lang='lat' dir='ltr'><strong>aut</strong></span> <span class='ocrx_word' id='word_1_421' title='bbox 1915 1937 2004 1965; x_wconf 83' lang='lat' dir='ltr'><strong>ora-</strong></span> 
     </span>
     <span class='ocr_line' id='line_1_68' title="bbox 1196 1979 2001 2037; baseline 0.004 -18"><span class='ocrx_word' id='word_1_422' title='bbox 1196 1979 1286 2028; x_wconf 89' lang='lat' dir='ltr'><strong>bat,</strong></span> <span class='ocrx_word' id='word_1_423' title='bbox 1310 1982 1400 2022; x_wconf 78' lang='lat' dir='ltr'><strong>ideo</strong></span> <span class='ocrx_word' id='word_1_424' title='bbox 1424 1982 1611 2037; x_wconf 84' lang='lat' dir='ltr'><strong>quoniam</strong></span> <span class='ocrx_word' id='word_1_425' title='bbox 1635 1982 1946 2036; x_wconf 83' lang='lat' dir='ltr'><strong>precesinmixtae</strong></span> <span class='ocrx_word' id='word_1_426' title='bbox 1958 1993 2001 2022; x_wconf 85' lang='lat' dir='ltr'><strong>e-</strong></span> 
     </span>
     <span class='ocr_line' id='line_1_69' title="bbox 1193 2038 2037 2092; baseline -0.001 -15"><span class='ocrx_word' id='word_1_427' title='bbox 1193 2049 1304 2078; x_wconf 84' lang='lat' dir='ltr'><strong>rant:</strong></span> <span class='ocrx_word' id='word_1_428' title='bbox 1333 2039 1445 2079; x_wconf 84' lang='lat' dir='ltr'><strong>aliter</strong></span> <span class='ocrx_word' id='word_1_429' title='bbox 1470 2044 1685 2081; x_wconf 70' lang='lat' dir='ltr'><strong>1111.AEn.</strong></span> <span class='ocrx_word' id='word_1_430' title='bbox 1718 2046 1841 2080; x_wconf 71' lang='lat' dir='ltr'><strong>Multa</strong></span> <span class='ocrx_word' id='word_1_431' title='bbox 1865 2038 2003 2092; x_wconf 81' lang='lat' dir='ltr'><strong>Jovem</strong></span> <span class='ocrx_word' id='word_1_432' title='bbox 2026 2057 2037 2092; x_wconf 89' lang='lat'><strong>.·</strong></span> 
     </span>
     <span class='ocr_line' id='line_1_70' title="bbox 1192 2094 2037 2151; baseline 0.004 -17"><span class='ocrx_word' id='word_1_433' title='bbox 1192 2095 1507 2151; x_wconf 74' lang='lat' dir='ltr'><strong>manibusfitpplex</strong></span> <span class='ocrx_word' id='word_1_434' title='bbox 1518 2097 1778 2150; x_wconf 71' lang='lat' dir='ltr'><strong>oraffi‘fhpinis.</strong></span> <span class='ocrx_word' id='word_1_435' title='bbox 1806 2094 1916 2136; x_wconf 84' lang='lat' dir='ltr'><strong>Alibi</strong></span> <span class='ocrx_word' id='word_1_436' title='bbox 1927 2109 2010 2150; x_wconf 57' lang='lat' dir='ltr'><strong>pto»,</strong></span> <span class='ocrx_word' id='word_1_437' title='bbox 2026 2112 2037 2130; x_wconf 74' lang='lat' dir='ltr'><strong>&#39;v</strong></span> 
     </span>
     <span class='ocr_line' id='line_1_71' title="bbox 1190 2153 1970 2209; baseline 0.002 -19"><span class='ocrx_word' id='word_1_438' title='bbox 1190 2156 1334 2192; x_wconf 70' lang='lat' dir='ltr'><em>oravit:</em></span> <span class='ocrx_word' id='word_1_439' title='bbox 1366 2154 1502 2193; x_wconf 69' lang='lat' dir='ltr'><strong>Talibus</strong></span> <span class='ocrx_word' id='word_1_440' title='bbox 1523 2155 1645 2193; x_wconf 75' lang='lat' dir='ltr'><em>orabat</em></span> <span class='ocrx_word' id='word_1_441' title='bbox 1656 2154 1776 2209; x_wconf 70' lang='lat' dir='ltr'><strong>June.</strong></span> <span class='ocrx_word' id='word_1_442' title='bbox 1807 2153 1970 2194; x_wconf 76' lang='lat' dir='ltr'><strong>Serv&#39;tus.</strong></span> 
     </span>
    </p>

    <p class='ocr_par' dir='ltr' id='par_1_20' title="bbox 1191 2208 2037 2308">
     <span class='ocr_line' id='line_1_72' title="bbox 1249 2208 2037 2262; baseline -0.001 -12"><span class='ocrx_word' id='word_1_443' title='bbox 1249 2210 1404 2262; x_wconf 65' lang='lat' dir='ltr'><strong>Fletus]</strong></span> <span class='ocrx_word' id='word_1_444' title='bbox 1447 2213 1521 2250; x_wconf 86' lang='lat' dir='ltr'><strong>Pro</strong></span> <span class='ocrx_word' id='word_1_445' title='bbox 1542 2211 1691 2260; x_wconf 76' lang='lat' dir='ltr'><strong>verbis,</strong></span> <span class='ocrx_word' id='word_1_446' title='bbox 1719 2209 1761 2250; x_wconf 83' lang='lat' dir='ltr'><strong>id</strong></span> <span class='ocrx_word' id='word_1_447' title='bbox 1783 2209 1836 2250; x_wconf 92' lang='lat' dir='ltr'><strong>est</strong></span> <span class='ocrx_word' id='word_1_448' title='bbox 1849 2238 1863 2258; x_wconf 84' lang='lat'>,</span> <span class='ocrx_word' id='word_1_449' title='bbox 1888 2208 2008 2252; x_wconf 74' lang='lat' dir='ltr'><strong>verba</strong></span> <span class='ocrx_word' id='word_1_450' title='bbox 2029 2224 2037 2249; x_wconf 81' lang='grc' dir='ltr'>ι</span> 
     </span>
     <span class='ocr_line' id='line_1_73' title="bbox 1191 2264 1636 2308; baseline -0.007 -2"><span class='ocrx_word' id='word_1_451' title='bbox 1191 2264 1346 2308; x_wconf 76' lang='lat' dir='ltr'><strong>debilia.</strong></span> <span class='ocrx_word' id='word_1_452' title='bbox 1375 2267 1491 2308; x_wconf 83' lang='lat' dir='ltr'><strong>Idem.</strong></span> <span class='ocrx_word' id='word_1_453' title='bbox 1632 2301 1636 2303; x_wconf 87' lang='lat'>.</span> 
     </span>
    </p>

    <p class='ocr_par' dir='ltr' id='par_1_21' title="bbox 1191 2322 2037 2607">
     <span class='ocr_line' id='line_1_74' title="bbox 1247 2322 2026 2379; baseline -0.001 -14"><span class='ocrx_word' id='word_1_454' title='bbox 1247 2335 1294 2376; x_wconf 82' lang='lat'><strong>43</strong></span> <span class='ocrx_word' id='word_1_455' title='bbox 1306 2325 1343 2365; x_wconf 88' lang='lat'><strong>8.</strong></span> <span class='ocrx_word' id='word_1_456' title='bbox 1375 2332 1526 2379; x_wconf 69' lang='lat' dir='ltr'><strong>Fertque</strong></span> <span class='ocrx_word' id='word_1_457' title='bbox 1536 2323 1745 2378; x_wconf 62' lang='lat' dir='ltr'><strong>refertque]</strong></span> <span class='ocrx_word' id='word_1_458' title='bbox 1760 2326 1850 2363; x_wconf 87' lang='lat' dir='ltr'><strong>Non</strong></span> <span class='ocrx_word' id='word_1_459' title='bbox 1864 2322 1911 2362; x_wconf 82' lang='lat' dir='ltr'><strong>ab</strong></span> <span class='ocrx_word' id='word_1_460' title='bbox 1925 2327 2006 2376; x_wconf 44' lang='lat' dir='ltr'><strong>AEf</strong></span> <span class='ocrx_word' id='word_1_461' title='bbox 2024 2348 2026 2353; x_wconf 35' lang='grc' dir='ltr'><strong><em>ι</em></strong></span> 
     </span>
     <span class='ocr_line' id='line_1_75' title="bbox 1195 2379 2015 2435; baseline 0.002 -16"><span class='ocrx_word' id='word_1_462' title='bbox 1195 2392 1266 2419; x_wconf 82' lang='lat' dir='ltr'><strong>nea</strong></span> <span class='ocrx_word' id='word_1_463' title='bbox 1280 2407 1294 2428; x_wconf 88' lang='lat'><em>,</em></span> <span class='ocrx_word' id='word_1_464' title='bbox 1308 2381 1374 2435; x_wconf 85' lang='lat' dir='ltr'><strong>qui</strong></span> <span class='ocrx_word' id='word_1_465' title='bbox 1386 2382 1485 2421; x_wconf 86' lang='lat' dir='ltr'><strong>nihil</strong></span> <span class='ocrx_word' id='word_1_466' title='bbox 1497 2382 1613 2421; x_wconf 88' lang='lat' dir='ltr'><strong>dicit:</strong></span> <span class='ocrx_word' id='word_1_467' title='bbox 1643 2380 1705 2420; x_wconf 85' lang='lat' dir='ltr'><strong>sed</strong></span> <span class='ocrx_word' id='word_1_468' title='bbox 1721 2379 1743 2420; x_wconf 80' lang='grc' dir='ltr'><strong>Ξι</strong></span> <span class='ocrx_word' id='word_1_469' title='bbox 1760 2380 1917 2421; x_wconf 86' lang='lat' dir='ltr'><strong>Didone</strong></span> <span class='ocrx_word' id='word_1_470' title='bbox 1926 2379 2015 2421; x_wconf 85' lang='lat' dir='ltr'><strong>fert·</strong></span> 
     </span>
     <span class='ocr_line' id='line_1_76' title="bbox 1195 2436 2037 2492; baseline 0.002 -16"><span class='ocrx_word' id='word_1_471' title='bbox 1195 2436 1366 2478; x_wconf 86' lang='lat' dir='ltr'><strong>&amp;refert</strong></span> <span class='ocrx_word' id='word_1_472' title='bbox 1378 2466 1394 2487; x_wconf 84' lang='lat'><em>,</em></span> <span class='ocrx_word' id='word_1_473' title='bbox 1416 2438 1523 2479; x_wconf 88' lang='lat' dir='ltr'><strong>idest</strong></span> <span class='ocrx_word' id='word_1_474' title='bbox 1537 2467 1550 2487; x_wconf 91' lang='lat'>,</span> <span class='ocrx_word' id='word_1_475' title='bbox 1573 2439 1713 2479; x_wconf 85' lang='lat' dir='ltr'><strong>iterum</strong></span> <span class='ocrx_word' id='word_1_476' title='bbox 1728 2447 1868 2492; x_wconf 83' lang='lat' dir='ltr'><strong>portat.</strong></span> <span class='ocrx_word' id='word_1_477' title='bbox 1897 2440 2000 2478; x_wconf 81' lang='lat' dir='ltr'><strong>Nam</strong></span> <span class='ocrx_word' id='word_1_478' title='bbox 2034 2458 2037 2470; x_wconf 90' lang='lat'><strong>·-</strong></span> 
     </span>
     <span class='ocr_line' id='line_1_77' title="bbox 1191 2490 1999 2544; baseline 0.004 -12"><span class='ocrx_word' id='word_1_479' title='bbox 1191 2490 1411 2544; x_wconf 77' lang='lat' dir='ltr'><strong>subjunxit:</strong></span> <span class='ocrx_word' id='word_1_480' title='bbox 1441 2496 1515 2536; x_wconf 84' lang='lat' dir='ltr'><strong>Sed</strong></span> <span class='ocrx_word' id='word_1_481' title='bbox 1536 2495 1646 2536; x_wconf 85' lang='lat' dir='ltr'><strong>nullis</strong></span> <span class='ocrx_word' id='word_1_482' title='bbox 1669 2494 1730 2536; x_wconf 85' lang='lat' dir='ltr'><strong>ille</strong></span> <span class='ocrx_word' id='word_1_483' title='bbox 1754 2507 1910 2535; x_wconf 76' lang='lat' dir='ltr'><strong>movetur</strong></span> <span class='ocrx_word' id='word_1_484' title='bbox 1921 2498 1999 2535; x_wconf 81' lang='lat' dir='ltr'><strong>Fle-</strong></span> 
     </span>
     <span class='ocr_line' id='line_1_78' title="bbox 1192 2551 2029 2607; baseline 0.001 -16"><span class='ocrx_word' id='word_1_485' title='bbox 1192 2551 1301 2591; x_wconf 79' lang='lat' dir='ltr'><strong>tibus.-</strong></span> <span class='ocrx_word' id='word_1_486' title='bbox 1316 2553 1415 2592; x_wconf 87' lang='lat' dir='ltr'><strong>mire</strong></span> <span class='ocrx_word' id='word_1_487' title='bbox 1424 2553 1700 2607; x_wconf 82' lang='lat' dir='ltr'><strong>autemfletibus</strong></span> <span class='ocrx_word' id='word_1_488' title='bbox 1711 2551 1864 2604; x_wconf 86' lang='lat' dir='ltr'><strong>repetit.</strong></span> <span class='ocrx_word' id='word_1_489' title='bbox 1877 2551 2007 2592; x_wconf 53' lang='lat' dir='ltr'><strong>Idema&#39;</strong></span> <span class='ocrx_word' id='word_1_490' title='bbox 2025 2582 2029 2586; x_wconf 87' lang='lat'>-</span> 
     </span>
    </p>

    <p class='ocr_par' dir='ltr' id='par_1_22' title="bbox 1193 2608 1999 2779">
     <span class='ocr_line' id='line_1_79' title="bbox 1247 2608 1999 2660; baseline 0 -12"><span class='ocrx_word' id='word_1_491' title='bbox 1247 2609 1320 2649; x_wconf 81' lang='lat' dir='ltr'><strong>Sed</strong></span> <span class='ocrx_word' id='word_1_492' title='bbox 1341 2609 1450 2650; x_wconf 82' lang='lat' dir='ltr'><strong>nullis</strong></span> <span class='ocrx_word' id='word_1_493' title='bbox 1470 2609 1533 2650; x_wconf 84' lang='lat' dir='ltr'><strong>ille</strong></span> <span class='ocrx_word' id='word_1_494' title='bbox 1553 2621 1705 2650; x_wconf 78' lang='lat' dir='ltr'><strong>movetur</strong></span> <span class='ocrx_word' id='word_1_495' title='bbox 1719 2610 1907 2660; x_wconf 78' lang='lat' dir='ltr'><strong>Fletibus-J</strong></span> <span class='ocrx_word' id='word_1_496' title='bbox 1943 2608 1999 2648; x_wconf 80' lang='lat' dir='ltr'><strong>Si-</strong></span> 
     </span>
     <span class='ocr_line' id='line_1_80' title="bbox 1193 2664 1996 2706; baseline 0.002 -2"><span class='ocrx_word' id='word_1_497' title='bbox 1193 2664 1362 2705; x_wconf 85' lang='lat' dir='ltr'><strong>millima</strong></span> <span class='ocrx_word' id='word_1_498' title='bbox 1386 2666 1444 2706; x_wconf 87' lang='lat' dir='ltr'><strong>his</strong></span> <span class='ocrx_word' id='word_1_499' title='bbox 1469 2666 1632 2706; x_wconf 85' lang='lat' dir='ltr'><strong>Ovidius</strong></span> <span class='ocrx_word' id='word_1_500' title='bbox 1655 2664 1769 2705; x_wconf 83' lang='lat' dir='ltr'><strong>habet</strong></span> <span class='ocrx_word' id='word_1_501' title='bbox 1784 2679 1817 2706; x_wconf 84' lang='lat'><strong>1.</strong></span> <span class='ocrx_word' id='word_1_502' title='bbox 1836 2665 1996 2706; x_wconf 82' lang='lat' dir='ltr'><strong>Remed-</strong></span> 
     </span>
     <span class='ocr_line' id='line_1_81' title="bbox 1193 2720 1996 2779; baseline 0 -17"><span class='ocrx_word' id='word_1_503' title='bbox 1193 2722 1242 2762; x_wconf 90' lang='lat' dir='ltr'><strong>de</strong></span> <span class='ocrx_word' id='word_1_504' title='bbox 1265 2720 1393 2777; x_wconf 82' lang='lat' dir='ltr'><strong>Ulyffe</strong></span> <span class='ocrx_word' id='word_1_505' title='bbox 1416 2721 1658 2771; x_wconf 85' lang='lat' dir='ltr'><strong>discedente,</strong></span> <span class='ocrx_word' id='word_1_506' title='bbox 1684 2723 1750 2778; x_wconf 87' lang='lat' dir='ltr'><strong>qui</strong></span> <span class='ocrx_word' id='word_1_507' title='bbox 1762 2723 1894 2763; x_wconf 87' lang='lat' dir='ltr'><strong>Circes</strong></span> <span class='ocrx_word' id='word_1_508' title='bbox 1905 2735 1996 2779; x_wconf 73' lang='lat' dir='ltr'><strong>que&lt;</strong></span> 
     </span>
    </p>
   </div>
   <div class='ocr_carea' id='block_1_11' title="bbox 1188 2780 1514 2834">
    <p class='ocr_par' dir='ltr' id='par_1_23' title="bbox 1188 2780 1514 2834">
     <span class='ocr_line' id='line_1_82' title="bbox 1188 2780 1514 2834; baseline 0.009 -16"><span class='ocrx_word' id='word_1_509' title='bbox 1188 2780 1288 2819; x_wconf 84' lang='lat' dir='ltr'><strong>relas</strong></span> <span class='ocrx_word' id='word_1_510' title='bbox 1296 2793 1488 2834; x_wconf 74' lang='lat' dir='ltr'><strong>acceperat</strong></span> <span class='ocrx_word' id='word_1_511' title='bbox 1504 2795 1514 2821; x_wconf 89' lang='lat'><strong>:</strong></span> 
     </span>
    </p>
   </div>
   <div class='ocr_carea' id='block_1_12' title="bbox 1217 2835 1996 2936">
    <p class='ocr_par' dir='ltr' id='par_1_24' title="bbox 1217 2835 1996 2936">
     <span class='ocr_line' id='line_1_83' title="bbox 1217 2835 1996 2891; baseline 0 -14"><span class='ocrx_word' id='word_1_512' title='bbox 1217 2836 1291 2877; x_wconf 68' lang='lat' dir='ltr'><strong>Illa</strong></span> <span class='ocrx_word' id='word_1_513' title='bbox 1298 2841 1503 2891; x_wconf 78' lang='lat' dir='ltr'><strong>loquebatur</strong></span> <span class='ocrx_word' id='word_1_514' title='bbox 1514 2865 1526 2884; x_wconf 93' lang='lat'>,</span> <span class='ocrx_word' id='word_1_515' title='bbox 1551 2853 1676 2877; x_wconf 77' lang='lat' dir='ltr'><strong>navem</strong></span> <span class='ocrx_word' id='word_1_516' title='bbox 1675 2835 1835 2889; x_wconf 74' lang='lat' dir='ltr'><strong>fhlvebat</strong></span> <span class='ocrx_word' id='word_1_517' title='bbox 1850 2839 1914 2889; x_wconf 58' lang='lat' dir='ltr'><strong>Ugy</strong></span> <span class='ocrx_word' id='word_1_518' title='bbox 1943 2848 1996 2877; x_wconf 63' lang='lat' dir='ltr'><strong>es?</strong></span> 
     </span>
     <span class='ocr_line' id='line_1_84' title="bbox 1251 2895 1928 2936; baseline -0.001 -3"><span class='ocrx_word' id='word_1_519' title='bbox 1251 2897 1370 2934; x_wconf 75' lang='lat' dir='ltr'><em>Irrita</em></span> <span class='ocrx_word' id='word_1_520' title='bbox 1381 2911 1457 2935; x_wconf 70' lang='lat' dir='ltr'><strong>cam</strong></span> <span class='ocrx_word' id='word_1_521' title='bbox 1468 2897 1592 2936; x_wconf 81' lang='lat' dir='ltr'><strong>vinclis</strong></span> <span class='ocrx_word' id='word_1_522' title='bbox 1601 2895 1711 2934; x_wconf 78' lang='lat' dir='ltr'><strong>verba</strong></span> <span class='ocrx_word' id='word_1_523' title='bbox 1723 2898 1832 2934; x_wconf 79' lang='lat' dir='ltr'><strong>tulere</strong></span> <span class='ocrx_word' id='word_1_524' title='bbox 1842 2895 1928 2932; x_wconf 74' lang='lat' dir='ltr'><strong>noti.</strong></span> 
     </span>
    </p>
   </div>
   <div class='ocr_carea' id='block_1_13' title="bbox 322 2949 1869 3008">
    <p class='ocr_par' dir='ltr' id='par_1_25' title="bbox 322 2949 1869 3008">
     <span class='ocr_line' id='line_1_85' title="bbox 322 2949 1869 3008; baseline 0.001 -20"><span class='ocrx_word' id='word_1_525' title='bbox 322 2961 490 3004; x_wconf 62' lang='lat' dir='ltr'><strong>‘quoque</strong></span> <span class='ocrx_word' id='word_1_526' title='bbox 514 2952 635 3004; x_wconf 86' lang='lat' dir='ltr'><strong>potest</strong></span> <span class='ocrx_word' id='word_1_527' title='bbox 648 2952 774 2993; x_wconf 89' lang='lat' dir='ltr'><strong>dicere</strong></span> <span class='ocrx_word' id='word_1_528' title='bbox 789 2981 802 2999; x_wconf 93' lang='lat'>‚</span> <span class='ocrx_word' id='word_1_529' title='bbox 832 2965 912 3007; x_wconf 82' lang='lat' dir='ltr'><strong>quae</strong></span> <span class='ocrx_word' id='word_1_530' title='bbox 921 2951 1042 2991; x_wconf 81' lang='lat' dir='ltr'><strong>credit</strong></span> <span class='ocrx_word' id='word_1_531' title='bbox 1055 2963 1140 2997; x_wconf 73' lang='lat' dir='ltr'><strong>ean]</strong></span> <span class='ocrx_word' id='word_1_532' title='bbox 1192 2950 1396 2991; x_wconf 78' lang='lat' dir='ltr'><strong>simillima</strong></span> <span class='ocrx_word' id='word_1_533' title='bbox 1409 2951 1588 2992; x_wconf 83' lang='lat' dir='ltr'><strong>Horatius</strong></span> <span class='ocrx_word' id='word_1_534' title='bbox 1599 2950 1676 2990; x_wconf 87' lang='lat' dir='ltr'><strong>od.</strong></span> <span class='ocrx_word' id='word_1_535' title='bbox 1690 2964 1732 3003; x_wconf 81' lang='lat'><strong>7.</strong></span> <span class='ocrx_word' id='word_1_536' title='bbox 1744 2949 1815 2990; x_wconf 90' lang='lat' dir='ltr'><strong>lib.</strong></span> <span class='ocrx_word' id='word_1_537' title='bbox 1833 2962 1869 3008; x_wconf 62' lang='grc' dir='ltr'><strong>Ξ.</strong></span> 
     </span>
    </p>
   </div>
   <div class='ocr_carea' id='block_1_14' title="bbox 335 3008 1141 3120">
    <p class='ocr_par' dir='ltr' id='par_1_26' title="bbox 335 3008 1141 3120">
     <span class='ocr_line' id='line_1_86' title="bbox 335 3008 1141 3062; baseline 0.002 -18"><span class='ocrx_word' id='word_1_538' title='bbox 335 3018 382 3044; x_wconf 83' lang='lat' dir='ltr'><strong>ex</strong></span> <span class='ocrx_word' id='word_1_539' title='bbox 405 3019 541 3048; x_wconf 86' lang='lat' dir='ltr'><strong>amore</strong></span> <span class='ocrx_word' id='word_1_540' title='bbox 563 3012 797 3049; x_wconf 84' lang='lat' dir='ltr'><strong>concitatam</strong></span> <span class='ocrx_word' id='word_1_541' title='bbox 813 3037 825 3055; x_wconf 94' lang='lat'><strong>,</strong></span> <span class='ocrx_word' id='word_1_542' title='bbox 855 3008 895 3048; x_wconf 92' lang='lat' dir='ltr'><strong>id</strong></span> <span class='ocrx_word' id='word_1_543' title='bbox 909 3009 1042 3062; x_wconf 81' lang='lat' dir='ltr'><strong>loqui,</strong></span> <span class='ocrx_word' id='word_1_544' title='bbox 1070 3021 1141 3047; x_wconf 91' lang='lat' dir='ltr'><strong>nec</strong></span> 
     </span>
     <span class='ocr_line' id='line_1_87' title="bbox 337 3064 1138 3120; baseline 0.001 -18"><span class='ocrx_word' id='word_1_545' title='bbox 337 3073 470 3102; x_wconf 82' lang='lat' dir='ltr'><strong>tamen</strong></span> <span class='ocrx_word' id='word_1_546' title='bbox 492 3064 616 3106; x_wconf 85' lang='lat' dir='ltr'><strong>facere</strong></span> <span class='ocrx_word' id='word_1_547' title='bbox 632 3095 643 3110; x_wconf 80' lang='grc'><em>,</em></span> <span class='ocrx_word' id='word_1_548' title='bbox 667 3064 729 3106; x_wconf 90' lang='lat' dir='ltr'><strong>sed</strong></span> <span class='ocrx_word' id='word_1_549' title='bbox 742 3066 945 3120; x_wconf 89' lang='lat' dir='ltr'><strong>eloquutio</strong></span> <span class='ocrx_word' id='word_1_550' title='bbox 958 3079 1038 3105; x_wconf 90' lang='lat' dir='ltr'><strong>non</strong></span> <span class='ocrx_word' id='word_1_551' title='bbox 1052 3076 1138 3117; x_wconf 88' lang='lat' dir='ltr'><strong>pro-</strong></span> 
     </span>
    </p>
   </div>
   <div class='ocr_carea' id='block_1_15' title="bbox 1218 3009 1791 3123">
    <p class='ocr_par' dir='ltr' id='par_1_27' title="bbox 1218 3009 1791 3123">
     <span class='ocr_line' id='line_1_88' title="bbox 1295 3009 1791 3064; baseline -0.002 -16"><span class='ocrx_word' id='word_1_552' title='bbox 1295 3028 1372 3040; x_wconf 82' lang='lat'><strong>·—</strong></span> <span class='ocrx_word' id='word_1_553' title='bbox 1389 3012 1538 3064; x_wconf 81' lang='lat' dir='ltr'><strong>scopulis</strong></span> <span class='ocrx_word' id='word_1_554' title='bbox 1541 3009 1683 3061; x_wconf 72' lang='lat' dir='ltr'><strong>fhrdior</strong></span> <span class='ocrx_word' id='word_1_555' title='bbox 1695 3010 1791 3050; x_wconf 79' lang='lat' dir='ltr'><strong>Icari</strong></span> 
     </span>
     <span class='ocr_line' id='line_1_89' title="bbox 1218 3066 1722 3123; baseline 0 -17"><span class='ocrx_word' id='word_1_556' title='bbox 1218 3073 1328 3106; x_wconf 87' lang='lat' dir='ltr'><strong>Voces</strong></span> <span class='ocrx_word' id='word_1_557' title='bbox 1338 3066 1443 3110; x_wconf 78' lang='lat' dir='ltr'><strong>audit</strong></span> <span class='ocrx_word' id='word_1_558' title='bbox 1453 3067 1566 3109; x_wconf 71' lang='lat' dir='ltr'><em>adhuc</em></span> <span class='ocrx_word' id='word_1_559' title='bbox 1575 3068 1722 3123; x_wconf 79' lang='lat' dir='ltr'><strong>integer.</strong></span> 
     </span>
    </p>
   </div>
   <div class='ocr_carea' id='block_1_16' title="bbox 335 3119 1634 3166">
    <p class='ocr_par' dir='ltr' id='par_1_28' title="bbox 335 3119 1634 3166">
     <span class='ocr_line' id='line_1_90' title="bbox 335 3119 1634 3166; baseline 0.002 -4"><span class='ocrx_word' id='word_1_560' title='bbox 335 3119 455 3162; x_wconf 84' lang='lat' dir='ltr'><strong>cedit.</strong></span> <span class='ocrx_word' id='word_1_561' title='bbox 485 3124 614 3165; x_wconf 79' lang='lat' dir='ltr'><strong>Nemo</strong></span> <span class='ocrx_word' id='word_1_562' title='bbox 638 3125 747 3166; x_wconf 84' lang='lat' dir='ltr'><strong>enim</strong></span> <span class='ocrx_word' id='word_1_563' title='bbox 760 3124 855 3165; x_wconf 87' lang='lat' dir='ltr'><strong>dicit</strong></span> <span class='ocrx_word' id='word_1_564' title='bbox 868 3126 1140 3166; x_wconf 75' lang='lat' dir='ltr'><strong>veniamcumu-</strong></span> <span class='ocrx_word' id='word_1_565' title='bbox 1190 3122 1331 3164; x_wconf 77' lang='lat' dir='ltr'><strong>Cerda.</strong></span> <span class='ocrx_word' id='word_1_566' title='bbox 1628 3146 1634 3153; x_wconf 82' lang='lat'><em>,</em></span> 
     </span>
    </p>
   </div>
   <div class='ocr_carea' id='block_1_17' title="bbox 1818 3179 1997 3231">
    <p class='ocr_par' dir='ltr' id='par_1_29' title="bbox 1818 3179 1997 3231">
     <span class='ocr_line' id='line_1_91' title="bbox 1818 3179 1997 3231; baseline 0.006 -1"><span class='ocrx_word' id='word_1_567' title='bbox 1818 3179 1997 3231; x_wconf 54' lang='lat' dir='ltr'><strong>‹tw-Vm</strong></span> 
     </span>
    </p>
   </div>
  </div>
 </body>
</html>
