<?xml version="1.0" encoding="UTF-8"?>
<!DOCTYPE html PUBLIC "-//W3C//DTD XHTML 1.0 Transitional//EN"
    "http://www.w3.org/TR/xhtml1/DTD/xhtml1-transitional.dtd">
<html xmlns="http://www.w3.org/1999/xhtml" xml:lang="en" lang="en">
 <head>
  <title>
</title>
<meta http-equiv="Content-Type" content="text/html;charset=utf-8" />
  <meta name='ocr-system' content='tesseract 3.04.00' />
  <meta name='ocr-capabilities' content='ocr_page ocr_carea ocr_par ocr_line ocrx_word'/>
</head>
<body>
  <div class='ocr_page' id='page_1' title='image "./pvirgiliimaronis02virg_0599.png"; bbox 0 0 2037 3787; ppageno 0'>
   <div class='ocr_carea' id='block_1_1' title="bbox 440 127 917 186">
    <p class='ocr_par' dir='ltr' id='par_1_1' title="bbox 440 127 917 186">
     <span class='ocr_line' id='line_1_1' title="bbox 440 127 917 186; baseline -0.006 -3"><span class='ocrx_word' id='word_1_1' title='bbox 440 127 917 186; x_wconf 63' lang='lat' dir='ltr'>AEmxztnos</span> 
     </span>
    </p>
   </div>
   <div class='ocr_carea' id='block_1_2' title="bbox 1006 123 1715 212">
    <p class='ocr_par' dir='ltr' id='par_1_2' title="bbox 1006 123 1715 212">
     <span class='ocr_line' id='line_1_2' title="bbox 1006 123 1715 212; baseline 0.011 -35"><span class='ocrx_word' id='word_1_2' title='bbox 1006 123 1170 181; x_wconf 68' lang='lat' dir='ltr'>Lm.</span> <span class='ocrx_word' id='word_1_3' title='bbox 1214 124 1352 184; x_wconf 91' lang='lat' dir='ltr'>III.</span> <span class='ocrx_word' id='word_1_4' title='bbox 1609 146 1715 212; x_wconf 63' lang='lat'>591„</span> 
     </span>
    </p>
   </div>
   <div class='ocr_carea' id='block_1_3' title="bbox 28 220 1451 558">
    <p class='ocr_par' dir='ltr' id='par_1_3' title="bbox 149 220 1391 306">
     <span class='ocr_line' id='line_1_3' title="bbox 149 220 1391 306; baseline -0.006 -17"><span class='ocrx_word' id='word_1_5' title='bbox 149 226 478 306; x_wconf 84' lang='lat' dir='ltr'>Divinosque</span> <span class='ocrx_word' id='word_1_6' title='bbox 495 230 630 284; x_wconf 87' lang='lat' dir='ltr'>lacus</span> <span class='ocrx_word' id='word_1_7' title='bbox 649 266 666 292; x_wconf 88' lang='lat'>‚</span> <span class='ocrx_word' id='word_1_8' title='bbox 687 232 742 284; x_wconf 85' lang='lat'>&amp;</span> <span class='ocrx_word' id='word_1_9' title='bbox 763 230 974 282; x_wconf 77' lang='lat' dir='ltr'>Averna</span> <span class='ocrx_word' id='word_1_10' title='bbox 990 220 1222 279; x_wconf 80' lang='lat' dir='ltr'>sonantia</span> <span class='ocrx_word' id='word_1_11' title='bbox 1239 222 1391 296; x_wconf 86' lang='lat' dir='ltr'>silvis;</span> 
     </span>
    </p>

    <p class='ocr_par' dir='ltr' id='par_1_4' title="bbox 155 304 1355 388">
     <span class='ocr_line' id='line_1_4' title="bbox 155 304 1355 388; baseline -0.007 -16"><span class='ocrx_word' id='word_1_12' title='bbox 155 311 391 375; x_wconf 85' lang='lat' dir='ltr'>Insanam</span> <span class='ocrx_word' id='word_1_13' title='bbox 410 327 588 367; x_wconf 83' lang='lat' dir='ltr'>vatem</span> <span class='ocrx_word' id='word_1_14' title='bbox 608 306 816 388; x_wconf 79' lang='lat' dir='ltr'><strong>aspicies</strong></span> <span class='ocrx_word' id='word_1_15' title='bbox 840 331 852 363; x_wconf 72' lang='grc' dir='ltr'>ε</span> <span class='ocrx_word' id='word_1_16' title='bbox 874 328 985 386; x_wconf 80' lang='lat' dir='ltr'>quae</span> <span class='ocrx_word' id='word_1_17' title='bbox 1005 327 1128 384; x_wconf 84' lang='lat' dir='ltr'>rupe</span> <span class='ocrx_word' id='word_1_18' title='bbox 1145 304 1233 363; x_wconf 90' lang='lat' dir='ltr'>sub</span> <span class='ocrx_word' id='word_1_19' title='bbox 1250 308 1355 364; x_wconf 85' lang='lat' dir='ltr'>ima</span> 
     </span>
    </p>

    <p class='ocr_par' dir='ltr' id='par_1_5' title="bbox 28 389 1451 558">
     <span class='ocr_line' id='line_1_5' title="bbox 152 389 1442 470; baseline -0.005 -16"><span class='ocrx_word' id='word_1_20' title='bbox 152 401 276 455; x_wconf 86' lang='lat' dir='ltr'>Fata</span> <span class='ocrx_word' id='word_1_21' title='bbox 293 394 430 451; x_wconf 87' lang='lat' dir='ltr'>canit</span> <span class='ocrx_word' id='word_1_22' title='bbox 447 433 463 460; x_wconf 91' lang='lat'>‚</span> <span class='ocrx_word' id='word_1_23' title='bbox 483 389 720 470; x_wconf 77' lang='lat' dir='ltr'>foliisque</span> <span class='ocrx_word' id='word_1_24' title='bbox 738 407 886 449; x_wconf 85' lang='lat' dir='ltr'>notas</span> <span class='ocrx_word' id='word_1_25' title='bbox 906 398 959 448; x_wconf 65' lang='lat' dir='ltr'>&lt;Sc</span> <span class='ocrx_word' id='word_1_26' title='bbox 978 390 1195 446; x_wconf 81' lang='lat' dir='ltr'>nomina</span> <span class='ocrx_word' id='word_1_27' title='bbox 1209 390 1442 453; x_wconf 87' lang='lat' dir='ltr'>mandat.</span> 
     </span>
     <span class='ocr_line' id='line_1_6' title="bbox 28 471 1451 558; baseline -0.004 -22"><span class='ocrx_word' id='word_1_28' title='bbox 28 499 146 558; x_wconf 69' lang='lat'>445</span> <span class='ocrx_word' id='word_1_29' title='bbox 168 484 530 558; x_wconf 81' lang='lat' dir='ltr'>Qaecumque</span> <span class='ocrx_word' id='word_1_30' title='bbox 545 477 598 532; x_wconf 90' lang='lat' dir='ltr'>in</span> <span class='ocrx_word' id='word_1_31' title='bbox 613 472 749 534; x_wconf 88' lang='lat' dir='ltr'>foliis</span> <span class='ocrx_word' id='word_1_32' title='bbox 767 471 1025 553; x_wconf 77' lang='lat' dir='ltr'>descripsit</span> <span class='ocrx_word' id='word_1_33' title='bbox 1044 474 1268 530; x_wconf 86' lang='lat' dir='ltr'>carmina</span> <span class='ocrx_word' id='word_1_34' title='bbox 1282 475 1451 556; x_wconf 72' lang='lat' dir='ltr'>virge,</span> 
     </span>
    </p>
   </div>
   <div class='ocr_carea' id='block_1_4' title="bbox 27 659 855 1520">
    <p class='ocr_par' dir='ltr' id='par_1_6' title="bbox 27 659 851 1343">
     <span class='ocr_line' id='line_1_7' title="bbox 31 659 839 719; baseline 0 -16"><span class='ocrx_word' id='word_1_35' title='bbox 31 662 97 703; x_wconf 83' lang='lat' dir='ltr'>das</span> <span class='ocrx_word' id='word_1_36' title='bbox 113 677 123 703; x_wconf 91' lang='lat'>:</span> <span class='ocrx_word' id='word_1_37' title='bbox 151 665 191 704; x_wconf 72' lang='grc' dir='ltr'>ὃ(</span> <span class='ocrx_word' id='word_1_38' title='bbox 204 663 303 704; x_wconf 84' lang='lat' dir='ltr'>haud</span> <span class='ocrx_word' id='word_1_39' title='bbox 315 666 434 719; x_wconf 82' lang='lat' dir='ltr'>longe</span> <span class='ocrx_word' id='word_1_40' title='bbox 445 662 469 705; x_wconf 67' lang='lat' dir='ltr'>a</span> <span class='ocrx_word' id='word_1_41' title='bbox 484 666 587 711; x_wconf 80' lang='lat' dir='ltr'>Baiis</span> <span class='ocrx_word' id='word_1_42' title='bbox 603 664 686 719; x_wconf 82' lang='lat' dir='ltr'>(qui</span> <span class='ocrx_word' id='word_1_43' title='bbox 698 664 804 704; x_wconf 88' lang='lat' dir='ltr'>locus</span> <span class='ocrx_word' id='word_1_44' title='bbox 817 659 839 703; x_wconf 66' lang='lat' dir='ltr'>a</span> 
     </span>
     <span class='ocr_line' id='line_1_8' title="bbox 27 717 842 775; baseline 0.001 -16"><span class='ocrx_word' id='word_1_45' title='bbox 27 717 134 760; x_wconf 90' lang='lat' dir='ltr'>socio</span> <span class='ocrx_word' id='word_1_46' title='bbox 159 720 298 775; x_wconf 83' lang='lat' dir='ltr'>Ulyffis</span> <span class='ocrx_word' id='word_1_47' title='bbox 322 724 415 772; x_wconf 77' lang='lat' dir='ltr'>Baio</span> <span class='ocrx_word' id='word_1_48' title='bbox 439 723 517 762; x_wconf 88' lang='lat' dir='ltr'>illic</span> <span class='ocrx_word' id='word_1_49' title='bbox 531 719 679 775; x_wconf 82' lang='lat' dir='ltr'>sepulto</span> <span class='ocrx_word' id='word_1_50' title='bbox 692 734 842 761; x_wconf 85' lang='lat' dir='ltr'>nomen</span> 
     </span>
     <span class='ocr_line' id='line_1_9' title="bbox 28 778 842 833; baseline 0.001 -17"><span class='ocrx_word' id='word_1_51' title='bbox 28 779 192 833; x_wconf 85' lang='lat' dir='ltr'>accepit)</span> <span class='ocrx_word' id='word_1_52' title='bbox 220 782 455 819; x_wconf 87' lang='lat' dir='ltr'>invenerunt</span> <span class='ocrx_word' id='word_1_53' title='bbox 468 793 628 820; x_wconf 83' lang='lat' dir='ltr'>vacuum</span> <span class='ocrx_word' id='word_1_54' title='bbox 642 780 748 826; x_wconf 86' lang='lat' dir='ltr'>litus,</span> <span class='ocrx_word' id='word_1_55' title='bbox 762 778 842 824; x_wconf 90' lang='lat' dir='ltr'>ubi,</span> 
     </span>
     <span class='ocr_line' id='line_1_10' title="bbox 29 832 847 890; baseline -0.002 -14"><span class='ocrx_word' id='word_1_56' title='bbox 29 832 108 876; x_wconf 80' lang='lat' dir='ltr'>visa</span> <span class='ocrx_word' id='word_1_57' title='bbox 123 837 284 876; x_wconf 84' lang='lat' dir='ltr'>muliere</span> <span class='ocrx_word' id='word_1_58' title='bbox 299 836 453 890; x_wconf 85' lang='lat' dir='ltr'>gravida</span> <span class='ocrx_word' id='word_1_59' title='bbox 467 868 479 886; x_wconf 89' lang='lat'><strong>,</strong></span> <span class='ocrx_word' id='word_1_60' title='bbox 503 838 698 876; x_wconf 85' lang='lat' dir='ltr'>civitatem</span> <span class='ocrx_word' id='word_1_61' title='bbox 711 835 847 874; x_wconf 81' lang='lat' dir='ltr'>condi-</span> 
     </span>
     <span class='ocr_line' id='line_1_11' title="bbox 29 891 846 948; baseline 0.001 -18"><span class='ocrx_word' id='word_1_62' title='bbox 29 891 173 932; x_wconf 86' lang='lat' dir='ltr'>derunt</span> <span class='ocrx_word' id='word_1_63' title='bbox 190 906 199 930; x_wconf 93' lang='lat'>:</span> <span class='ocrx_word' id='word_1_64' title='bbox 224 907 302 948; x_wconf 81' lang='lat' dir='ltr'>quae</span> <span class='ocrx_word' id='word_1_65' title='bbox 328 907 388 933; x_wconf 86' lang='lat' dir='ltr'>res</span> <span class='ocrx_word' id='word_1_66' title='bbox 421 893 644 934; x_wconf 81' lang='lat' dir='ltr'>foecundam</span> <span class='ocrx_word' id='word_1_67' title='bbox 669 892 846 933; x_wconf 81' lang='lat' dir='ltr'>ostende-</span> 
     </span>
     <span class='ocr_line' id='line_1_12' title="bbox 31 946 845 1003; baseline 0 -15"><span class='ocrx_word' id='word_1_68' title='bbox 31 946 99 988; x_wconf 87' lang='lat' dir='ltr'>bat</span> <span class='ocrx_word' id='word_1_69' title='bbox 124 949 207 989; x_wconf 81' lang='lat' dir='ltr'>fo-re</span> <span class='ocrx_word' id='word_1_70' title='bbox 232 949 408 1003; x_wconf 79' lang='lat' dir='ltr'>rempub.</span> <span class='ocrx_word' id='word_1_71' title='bbox 438 954 477 991; x_wconf 68' lang='grc' dir='ltr'>ὅ(</span> <span class='ocrx_word' id='word_1_72' title='bbox 491 964 576 991; x_wconf 88' lang='lat' dir='ltr'>eam</span> <span class='ocrx_word' id='word_1_73' title='bbox 591 958 720 991; x_wconf 63' lang='lat' dir='ltr'>Cumas</span> <span class='ocrx_word' id='word_1_74' title='bbox 733 962 845 989; x_wconf 89' lang='lat' dir='ltr'>voca-</span> 
     </span>
     <span class='ocr_line' id='line_1_13' title="bbox 31 1006 847 1061; baseline 0.001 -16"><span class='ocrx_word' id='word_1_75' title='bbox 31 1018 171 1046; x_wconf 87' lang='lat' dir='ltr'>verunt</span> <span class='ocrx_word' id='word_1_76' title='bbox 186 1022 194 1046; x_wconf 73' lang='grc' dir='ltr'>ε</span> <span class='ocrx_word' id='word_1_77' title='bbox 209 1006 281 1047; x_wconf 85' lang='lat' dir='ltr'>sive</span> <span class='ocrx_word' id='word_1_78' title='bbox 299 1010 349 1048; x_wconf 79' lang='lat' dir='ltr'>ab</span> <span class='ocrx_word' id='word_1_79' title='bbox 362 1006 504 1061; x_wconf 57' lang='grc' dir='ltr'>ἐγκύὲ,</span> <span class='ocrx_word' id='word_1_80' title='bbox 518 1007 558 1047; x_wconf 89' lang='lat' dir='ltr'>id</span> <span class='ocrx_word' id='word_1_81' title='bbox 571 1006 847 1060; x_wconf 74' lang='lat' dir='ltr'>est‚ptaegnan-</span> 
     </span>
     <span class='ocr_line' id='line_1_14' title="bbox 32 1063 848 1115; baseline 0.002 -13"><span class='ocrx_word' id='word_1_82' title='bbox 32 1072 101 1104; x_wconf 85' lang='lat' dir='ltr'>te:</span> <span class='ocrx_word' id='word_1_83' title='bbox 128 1063 202 1104; x_wconf 87' lang='lat' dir='ltr'>five</span> <span class='ocrx_word' id='word_1_84' title='bbox 214 1065 287 1104; x_wconf 58' lang='lat'>{50⁷8</span> <span class='ocrx_word' id='word_1_85' title='bbox 302 1068 330 1103; x_wconf 66' lang='lat'>5²⁴·</span> <span class='ocrx_word' id='word_1_86' title='bbox 344 1064 524 1115; x_wconf 67' lang='grc' dir='ltr'>κυμαίτων</span> <span class='ocrx_word' id='word_1_87' title='bbox 537 1094 549 1112; x_wconf 82' lang='grc'><em>,</em></span> <span class='ocrx_word' id='word_1_88' title='bbox 564 1064 604 1106; x_wconf 89' lang='lat' dir='ltr'>id</span> <span class='ocrx_word' id='word_1_89' title='bbox 617 1064 703 1114; x_wconf 87' lang='lat' dir='ltr'>est,</span> <span class='ocrx_word' id='word_1_90' title='bbox 715 1063 763 1104; x_wconf 80' lang='lat' dir='ltr'>ab</span> <span class='ocrx_word' id='word_1_91' title='bbox 777 1077 848 1104; x_wconf 86' lang='lat' dir='ltr'>un-</span> 
     </span>
     <span class='ocr_line' id='line_1_15' title="bbox 30 1119 845 1175; baseline 0.002 -17"><span class='ocrx_word' id='word_1_92' title='bbox 30 1119 105 1159; x_wconf 89' lang='lat' dir='ltr'>dis.</span> <span class='ocrx_word' id='word_1_93' title='bbox 140 1124 242 1161; x_wconf 79' lang='lat' dir='ltr'>Nam</span> <span class='ocrx_word' id='word_1_94' title='bbox 266 1121 426 1175; x_wconf 65' lang='grc' dir='ltr'>κόμαἾιι</span> <span class='ocrx_word' id='word_1_95' title='bbox 450 1122 636 1162; x_wconf 82' lang='lat' dir='ltr'>dicuntur.</span> <span class='ocrx_word' id='word_1_96' title='bbox 671 1138 691 1161; x_wconf 86' lang='grc' dir='ltr'><strong>υ</strong></span> <span class='ocrx_word' id='word_1_97' title='bbox 715 1133 845 1161; x_wconf 85' lang='lat' dir='ltr'>autem</span> 
     </span>
     <span class='ocr_line' id='line_1_16' title="bbox 30 1177 848 1234; baseline 0.001 -19"><span class='ocrx_word' id='word_1_98' title='bbox 30 1177 165 1217; x_wconf 80' lang='lat' dir='ltr'>Latini</span> <span class='ocrx_word' id='word_1_99' title='bbox 186 1179 227 1218; x_wconf 92' lang='lat' dir='ltr'>in</span> <span class='ocrx_word' id='word_1_100' title='bbox 242 1197 262 1219; x_wconf 86' lang='lat' dir='ltr'><em>u</em></span> <span class='ocrx_word' id='word_1_101' title='bbox 277 1192 457 1220; x_wconf 81' lang='lat' dir='ltr'>vertunt:</span> <span class='ocrx_word' id='word_1_102' title='bbox 487 1190 526 1220; x_wconf 87' lang='lat' dir='ltr'>ut</span> <span class='ocrx_word' id='word_1_103' title='bbox 538 1181 658 1234; x_wconf 55' lang='lat' dir='ltr'>kyrria</span> <span class='ocrx_word' id='word_1_104' title='bbox 670 1206 683 1224; x_wconf 86' lang='lat'><strong>,</strong></span> <span class='ocrx_word' id='word_1_105' title='bbox 711 1180 848 1226; x_wconf 75' lang='lat' dir='ltr'>burria,</span> 
     </span>
     <span class='ocr_line' id='line_1_17' title="bbox 33 1234 851 1288; baseline 0.002 -14"><span class='ocrx_word' id='word_1_106' title='bbox 33 1241 207 1288; x_wconf 64' lang='lat' dir='ltr'>Cymxam</span> <span class='ocrx_word' id='word_1_107' title='bbox 216 1249 346 1276; x_wconf 86' lang='lat' dir='ltr'>autem</span> <span class='ocrx_word' id='word_1_108' title='bbox 359 1240 477 1278; x_wconf 77' lang='lat' dir='ltr'>urbem</span> <span class='ocrx_word' id='word_1_109' title='bbox 490 1264 502 1282; x_wconf 90' lang='lat'><strong>,</strong></span> <span class='ocrx_word' id='word_1_110' title='bbox 515 1235 609 1277; x_wconf 83' lang='lat' dir='ltr'>ficut</span> <span class='ocrx_word' id='word_1_111' title='bbox 620 1234 781 1277; x_wconf 79' lang='lat' dir='ltr'><em>Buthroti</em></span> <span class='ocrx_word' id='word_1_112' title='bbox 790 1251 851 1276; x_wconf 86' lang='lat' dir='ltr'>ar-</span> 
     </span>
     <span class='ocr_line' id='line_1_18' title="bbox 32 1295 637 1343; baseline 0.003 -13"><span class='ocrx_word' id='word_1_113' title='bbox 32 1307 104 1331; x_wconf 85' lang='lat' dir='ltr'>cem</span> <span class='ocrx_word' id='word_1_114' title='bbox 124 1301 275 1343; x_wconf 60' lang='lat' dir='ltr'>„sontem</span> <span class='ocrx_word' id='word_1_115' title='bbox 289 1299 441 1334; x_wconf 66' lang='lat' dir='ltr'>Timavi.</span> <span class='ocrx_word' id='word_1_116' title='bbox 473 1295 637 1334; x_wconf 76' lang='lat' dir='ltr'>Servius.</span> 
     </span>
    </p>

    <p class='ocr_par' dir='ltr' id='par_1_7' title="bbox 32 1347 855 1520">
     <span class='ocr_line' id='line_1_19' title="bbox 94 1347 849 1404; baseline 0.003 -17"><span class='ocrx_word' id='word_1_117' title='bbox 94 1350 269 1399; x_wconf 71' lang='lat' dir='ltr'>Cumaeam</span> <span class='ocrx_word' id='word_1_118' title='bbox 282 1351 440 1402; x_wconf 63' lang='lat' dir='ltr'>urbem]</span> <span class='ocrx_word' id='word_1_119' title='bbox 468 1354 574 1390; x_wconf 86' lang='lat' dir='ltr'>Hanc</span> <span class='ocrx_word' id='word_1_120' title='bbox 586 1350 701 1404; x_wconf 80' lang='lat' dir='ltr'>ponit</span> <span class='ocrx_word' id='word_1_121' title='bbox 714 1349 756 1392; x_wconf 83' lang='lat' dir='ltr'>in</span> <span class='ocrx_word' id='word_1_122' title='bbox 768 1347 849 1390; x_wconf 85' lang='lat' dir='ltr'>finu</span> 
     </span>
     <span class='ocr_line' id='line_1_20' title="bbox 32 1406 850 1460; baseline 0.002 -16"><span class='ocrx_word' id='word_1_123' title='bbox 32 1406 248 1447; x_wconf 79' lang='lat' dir='ltr'>Puteolano</span> <span class='ocrx_word' id='word_1_124' title='bbox 272 1408 378 1447; x_wconf 82' lang='lat' dir='ltr'>Mela</span> <span class='ocrx_word' id='word_1_125' title='bbox 400 1409 429 1448; x_wconf 89' lang='lat'>1.</span> <span class='ocrx_word' id='word_1_126' title='bbox 446 1420 482 1448; x_wconf 87' lang='lat'>2.</span> <span class='ocrx_word' id='word_1_127' title='bbox 498 1420 531 1447; x_wconf 89' lang='lat' dir='ltr'>c.</span> <span class='ocrx_word' id='word_1_128' title='bbox 546 1422 584 1460; x_wconf 86' lang='lat'>4.</span> <span class='ocrx_word' id='word_1_129' title='bbox 613 1408 661 1448; x_wconf 88' lang='lat' dir='ltr'>de</span> <span class='ocrx_word' id='word_1_130' title='bbox 672 1419 719 1447; x_wconf 86' lang='lat' dir='ltr'>ea</span> <span class='ocrx_word' id='word_1_131' title='bbox 730 1408 850 1447; x_wconf 87' lang='lat' dir='ltr'>etiam</span> 
     </span>
     <span class='ocr_line' id='line_1_21' title="bbox 32 1463 855 1520; baseline 0.005 -19"><span class='ocrx_word' id='word_1_132' title='bbox 32 1463 113 1515; x_wconf 83' lang='lat' dir='ltr'>agit</span> <span class='ocrx_word' id='word_1_133' title='bbox 139 1463 297 1506; x_wconf 85' lang='lat' dir='ltr'>Salmas.</span> <span class='ocrx_word' id='word_1_134' title='bbox 310 1466 473 1505; x_wconf 80' lang='lat' dir='ltr'>Exercit.</span> <span class='ocrx_word' id='word_1_135' title='bbox 488 1465 587 1506; x_wconf 89' lang='lat' dir='ltr'>Plin.</span> <span class='ocrx_word' id='word_1_136' title='bbox 605 1479 644 1520; x_wconf 86' lang='lat' dir='ltr'>p.</span> <span class='ocrx_word' id='word_1_137' title='bbox 658 1479 728 1519; x_wconf 79' lang='lat'>75.</span> <span class='ocrx_word' id='word_1_138' title='bbox 770 1470 855 1505; x_wconf 82' lang='lat' dir='ltr'>Em-</span> 
     </span>
    </p>
   </div>
   <div class='ocr_carea' id='block_1_5' title="bbox 31 1523 849 1633">
    <p class='ocr_par' dir='ltr' id='par_1_8' title="bbox 31 1523 849 1633">
     <span class='ocr_line' id='line_1_22' title="bbox 31 1523 175 1574; baseline -0.007 -15"><span class='ocrx_word' id='word_1_139' title='bbox 31 1523 175 1574; x_wconf 77' lang='lat' dir='ltr'>meneffi</span> 
     </span>
     <span class='ocr_line' id='line_1_23' title="bbox 89 1577 849 1633; baseline 0.001 -15"><span class='ocrx_word' id='word_1_140' title='bbox 89 1591 187 1629; x_wconf 78' lang='lat'>442.</span> <span class='ocrx_word' id='word_1_141' title='bbox 217 1579 443 1633; x_wconf 66' lang='lat' dir='ltr'>Divinofiyue</span> <span class='ocrx_word' id='word_1_142' title='bbox 464 1580 605 1632; x_wconf 54' lang='grc' dir='ltr'>[πως]</span> <span class='ocrx_word' id='word_1_143' title='bbox 634 1577 849 1620; x_wconf 83' lang='lat' dir='ltr'>Consecra-</span> 
     </span>
    </p>
   </div>
   <div class='ocr_carea' id='block_1_6' title="bbox 6 1636 863 3120">
    <p class='ocr_par' dir='ltr' id='par_1_9' title="bbox 29 1636 857 2304">
     <span class='ocr_line' id='line_1_24' title="bbox 29 1636 855 1680; baseline 0.005 -6"><span class='ocrx_word' id='word_1_144' title='bbox 29 1642 93 1674; x_wconf 88' lang='lat' dir='ltr'>tos</span> <span class='ocrx_word' id='word_1_145' title='bbox 107 1662 119 1680; x_wconf 90' lang='lat'>‚</span> <span class='ocrx_word' id='word_1_146' title='bbox 145 1639 344 1675; x_wconf 85' lang='lat' dir='ltr'>Avernum</span> <span class='ocrx_word' id='word_1_147' title='bbox 360 1636 401 1675; x_wconf 71' lang='grc' dir='ltr'>δε</span> <span class='ocrx_word' id='word_1_148' title='bbox 415 1636 636 1676; x_wconf 78' lang='lat' dir='ltr'>Lucrinum.</span> <span class='ocrx_word' id='word_1_149' title='bbox 668 1643 855 1678; x_wconf 71' lang='lat' dir='ltr'>,Avernus</span> 
     </span>
     <span class='ocr_line' id='line_1_25' title="bbox 32 1692 853 1746; baseline 0.005 -16"><span class='ocrx_word' id='word_1_150' title='bbox 32 1702 163 1731; x_wconf 83' lang='lat' dir='ltr'>autem</span> <span class='ocrx_word' id='word_1_151' title='bbox 177 1720 189 1738; x_wconf 94' lang='lat'><strong>,</strong></span> <span class='ocrx_word' id='word_1_152' title='bbox 214 1693 256 1732; x_wconf 89' lang='lat' dir='ltr'>in</span> <span class='ocrx_word' id='word_1_153' title='bbox 279 1692 416 1746; x_wconf 81' lang='lat' dir='ltr'>plurali</span> <span class='ocrx_word' id='word_1_154' title='bbox 444 1706 609 1733; x_wconf 84' lang='lat' dir='ltr'>numero</span> <span class='ocrx_word' id='word_1_155' title='bbox 622 1701 784 1735; x_wconf 75' lang='lat' dir='ltr'>Averna</span> <span class='ocrx_word' id='word_1_156' title='bbox 797 1694 853 1734; x_wconf 89' lang='lat' dir='ltr'>fa-</span> 
     </span>
     <span class='ocr_line' id='line_1_26' title="bbox 31 1749 854 1798; baseline 0.002 -10"><span class='ocrx_word' id='word_1_157' title='bbox 31 1749 86 1788; x_wconf 83' lang='lat' dir='ltr'>cit</span> <span class='ocrx_word' id='word_1_158' title='bbox 103 1762 115 1787; x_wconf 87' lang='lat'>:</span> <span class='ocrx_word' id='word_1_159' title='bbox 138 1761 182 1789; x_wconf 91' lang='lat' dir='ltr'>ut</span> <span class='ocrx_word' id='word_1_160' title='bbox 195 1761 362 1790; x_wconf 83' lang='lat' dir='ltr'>tartarus</span> <span class='ocrx_word' id='word_1_161' title='bbox 377 1777 393 1798; x_wconf 87' lang='grc'>,</span> <span class='ocrx_word' id='word_1_162' title='bbox 406 1761 561 1791; x_wconf 74' lang='lat' dir='ltr'>tartara.</span> <span class='ocrx_word' id='word_1_163' title='bbox 593 1750 698 1790; x_wconf 84' lang='lat' dir='ltr'>unde</span> <span class='ocrx_word' id='word_1_164' title='bbox 713 1752 770 1798; x_wconf 74' lang='grc' dir='ltr'>δι,</span> <span class='ocrx_word' id='word_1_165' title='bbox 785 1758 854 1794; x_wconf 65' lang='grc' dir='ltr'>,Α-</span> 
     </span>
     <span class='ocr_line' id='line_1_27' title="bbox 32 1807 853 1860; baseline 0.002 -14"><span class='ocrx_word' id='word_1_166' title='bbox 32 1821 147 1846; x_wconf 71' lang='lat' dir='ltr'>verna</span> <span class='ocrx_word' id='word_1_167' title='bbox 148 1809 322 1860; x_wconf 75' lang='lat' dir='ltr'>sonantia</span> <span class='ocrx_word' id='word_1_168' title='bbox 325 1807 443 1859; x_wconf 80' lang='lat' dir='ltr'>filvis.</span> <span class='ocrx_word' id='word_1_169' title='bbox 476 1812 575 1849; x_wconf 79' lang='lat' dir='ltr'>Sane</span> <span class='ocrx_word' id='word_1_170' title='bbox 589 1807 650 1848; x_wconf 88' lang='lat' dir='ltr'>hic</span> <span class='ocrx_word' id='word_1_171' title='bbox 670 1809 773 1849; x_wconf 83' lang='lat' dir='ltr'>lacus</span> <span class='ocrx_word' id='word_1_172' title='bbox 784 1821 853 1848; x_wconf 87' lang='lat' dir='ltr'>an-</span> 
     </span>
     <span class='ocr_line' id='line_1_28' title="bbox 33 1861 851 1913; baseline 0.004 -10"><span class='ocrx_word' id='word_1_173' title='bbox 33 1873 74 1903; x_wconf 89' lang='lat' dir='ltr'>te</span> <span class='ocrx_word' id='word_1_174' title='bbox 86 1861 259 1905; x_wconf 75' lang='lat' dir='ltr'>silvarum</span> <span class='ocrx_word' id='word_1_175' title='bbox 272 1862 457 1904; x_wconf 77' lang='lat' dir='ltr'>densitate</span> <span class='ocrx_word' id='word_1_176' title='bbox 471 1863 519 1904; x_wconf 79' lang='lat' dir='ltr'>sic</span> <span class='ocrx_word' id='word_1_177' title='bbox 531 1864 794 1913; x_wconf 80' lang='lat' dir='ltr'>ambiebatur,</span> <span class='ocrx_word' id='word_1_178' title='bbox 809 1878 851 1907; x_wconf 82' lang='lat' dir='ltr'>ut</span> 
     </span>
     <span class='ocr_line' id='line_1_29' title="bbox 33 1919 853 1977; baseline 0.004 -16"><span class='ocrx_word' id='word_1_179' title='bbox 33 1919 217 1962; x_wconf 83' lang='lat' dir='ltr'>exhalans</span> <span class='ocrx_word' id='word_1_180' title='bbox 236 1920 329 1964; x_wconf 84' lang='lat' dir='ltr'>inde</span> <span class='ocrx_word' id='word_1_181' title='bbox 340 1934 403 1975; x_wconf 87' lang='lat' dir='ltr'>per</span> <span class='ocrx_word' id='word_1_182' title='bbox 415 1922 607 1976; x_wconf 82' lang='lat' dir='ltr'>angustias</span> <span class='ocrx_word' id='word_1_183' title='bbox 620 1952 633 1970; x_wconf 87' lang='lat'>,</span> <span class='ocrx_word' id='word_1_184' title='bbox 661 1936 765 1977; x_wconf 86' lang='lat' dir='ltr'>aquae</span> <span class='ocrx_word' id='word_1_185' title='bbox 777 1920 853 1964; x_wconf 83' lang='lat' dir='ltr'>sul-</span> 
     </span>
     <span class='ocr_line' id='line_1_30' title="bbox 33 1977 856 2033; baseline 0.004 -15"><span class='ocrx_word' id='word_1_186' title='bbox 33 1977 184 2033; x_wconf 75' lang='lat' dir='ltr'>phureae</span> <span class='ocrx_word' id='word_1_187' title='bbox 197 1978 295 2018; x_wconf 89' lang='lat' dir='ltr'>odor</span> <span class='ocrx_word' id='word_1_188' title='bbox 307 1978 546 2032; x_wconf 68' lang='lat' dir='ltr'>gravissimus</span> <span class='ocrx_word' id='word_1_189' title='bbox 571 1978 856 2033; x_wconf 78' lang='lat' dir='ltr'>supervolantes</span> 
     </span>
     <span class='ocr_line' id='line_1_31' title="bbox 33 2036 853 2080; baseline 0.007 -6"><span class='ocrx_word' id='word_1_190' title='bbox 33 2047 124 2076; x_wconf 81' lang='lat' dir='ltr'>aves</span> <span class='ocrx_word' id='word_1_191' title='bbox 149 2047 313 2076; x_wconf 85' lang='lat' dir='ltr'>necaret.</span> <span class='ocrx_word' id='word_1_192' title='bbox 348 2036 464 2076; x_wconf 87' lang='lat' dir='ltr'>unde</span> <span class='ocrx_word' id='word_1_193' title='bbox 477 2038 518 2077; x_wconf 86' lang='lat'>&amp;</span> <span class='ocrx_word' id='word_1_194' title='bbox 533 2045 713 2080; x_wconf 60' lang='lat' dir='ltr'><em>Avesnus</em></span> <span class='ocrx_word' id='word_1_195' title='bbox 725 2037 853 2080; x_wconf 72' lang='lat' dir='ltr'>distas</span> 
     </span>
     <span class='ocr_line' id='line_1_32' title="bbox 34 2090 853 2149; baseline 0.004 -16"><span class='ocrx_word' id='word_1_196' title='bbox 34 2090 89 2133; x_wconf 87' lang='lat' dir='ltr'>est</span> <span class='ocrx_word' id='word_1_197' title='bbox 103 2119 116 2139; x_wconf 84' lang='lat'>,</span> <span class='ocrx_word' id='word_1_198' title='bbox 139 2091 241 2148; x_wconf 78' lang='lat' dir='ltr'>quali</span> <span class='ocrx_word' id='word_1_199' title='bbox 254 2091 398 2146; x_wconf 61' lang='grc' dir='ltr'>ἄορνῶ·</span> <span class='ocrx_word' id='word_1_200' title='bbox 414 2108 424 2134; x_wconf 89' lang='lat'>:</span> <span class='ocrx_word' id='word_1_201' title='bbox 438 2107 554 2149; x_wconf 88' lang='lat' dir='ltr'>quam</span> <span class='ocrx_word' id='word_1_202' title='bbox 566 2108 648 2134; x_wconf 88' lang='lat' dir='ltr'>rem</span> <span class='ocrx_word' id='word_1_203' title='bbox 665 2094 853 2149; x_wconf 84' lang='lat' dir='ltr'>Augustus</span> 
     </span>
     <span class='ocr_line' id='line_1_33' title="bbox 36 2145 857 2204; baseline 0.007 -16"><span class='ocrx_word' id='word_1_204' title='bbox 36 2145 161 2189; x_wconf 78' lang='lat' dir='ltr'>Caesat</span> <span class='ocrx_word' id='word_1_205' title='bbox 185 2150 412 2204; x_wconf 84' lang='lat' dir='ltr'>intelligens</span> <span class='ocrx_word' id='word_1_206' title='bbox 423 2178 436 2197; x_wconf 92' lang='lat'>,</span> <span class='ocrx_word' id='word_1_207' title='bbox 472 2150 632 2199; x_wconf 64' lang='lat' dir='ltr'>dejectis</span> <span class='ocrx_word' id='word_1_208' title='bbox 657 2149 758 2192; x_wconf 86' lang='lat' dir='ltr'>filvis</span> <span class='ocrx_word' id='word_1_209' title='bbox 770 2181 783 2200; x_wconf 89' lang='lat'><strong>,</strong></span> <span class='ocrx_word' id='word_1_210' title='bbox 814 2167 857 2194; x_wconf 82' lang='lat' dir='ltr'>ex</span> 
     </span>
     <span class='ocr_line' id='line_1_34' title="bbox 35 2204 852 2260; baseline 0.006 -14"><span class='ocrx_word' id='word_1_211' title='bbox 35 2204 304 2260; x_wconf 77' lang='lat' dir='ltr'>pestilentibus</span> <span class='ocrx_word' id='word_1_212' title='bbox 329 2234 342 2254; x_wconf 88' lang='lat'><strong>,</strong></span> <span class='ocrx_word' id='word_1_213' title='bbox 379 2219 538 2247; x_wconf 85' lang='lat' dir='ltr'>amoena</span> <span class='ocrx_word' id='word_1_214' title='bbox 563 2207 732 2249; x_wconf 79' lang='lat' dir='ltr'>reddidit</span> <span class='ocrx_word' id='word_1_215' title='bbox 755 2211 852 2251; x_wconf 85' lang='lat' dir='ltr'>loca.</span> 
     </span>
     <span class='ocr_line' id='line_1_35' title="bbox 39 2267 201 2304; baseline -0.006 0"><span class='ocrx_word' id='word_1_216' title='bbox 39 2267 201 2304; x_wconf 77' lang='lat' dir='ltr'>Servius.</span> 
     </span>
    </p>

    <p class='ocr_par' dir='ltr' id='par_1_10' title="bbox 40 2317 857 2663">
     <span class='ocr_line' id='line_1_36' title="bbox 94 2317 848 2377; baseline 0.003 -17"><span class='ocrx_word' id='word_1_217' title='bbox 94 2321 247 2373; x_wconf 61' lang='lat' dir='ltr'>Silvis]</span> <span class='ocrx_word' id='word_1_218' title='bbox 283 2318 440 2377; x_wconf 80' lang='lat' dir='ltr'>Qibus</span> <span class='ocrx_word' id='word_1_219' title='bbox 460 2317 705 2362; x_wconf 77' lang='lat' dir='ltr'>ambiebatur</span> <span class='ocrx_word' id='word_1_220' title='bbox 733 2327 848 2362; x_wconf 87' lang='lat' dir='ltr'>Aver-</span> 
     </span>
     <span class='ocr_line' id='line_1_37' title="bbox 45 2376 857 2432; baseline 0.001 -14"><span class='ocrx_word' id='word_1_221' title='bbox 45 2389 134 2418; x_wconf 81' lang='lat' dir='ltr'>nus.</span> <span class='ocrx_word' id='word_1_222' title='bbox 165 2390 282 2432; x_wconf 81' lang='lat' dir='ltr'>quarn</span> <span class='ocrx_word' id='word_1_223' title='bbox 295 2389 431 2418; x_wconf 84' lang='lat' dir='ltr'>tamen</span> <span class='ocrx_word' id='word_1_224' title='bbox 445 2376 620 2418; x_wconf 87' lang='lat' dir='ltr'>fiivarum</span> <span class='ocrx_word' id='word_1_225' title='bbox 632 2377 857 2419; x_wconf 77' lang='lat' dir='ltr'>densitatem</span> 
     </span>
     <span class='ocr_line' id='line_1_38' title="bbox 40 2434 857 2490; baseline 0 -13"><span class='ocrx_word' id='word_1_226' title='bbox 40 2434 234 2490; x_wconf 76' lang='lat' dir='ltr'>Augustus</span> <span class='ocrx_word' id='word_1_227' title='bbox 247 2434 376 2488; x_wconf 82' lang='lat' dir='ltr'>postea</span> <span class='ocrx_word' id='word_1_228' title='bbox 388 2435 526 2484; x_wconf 89' lang='lat' dir='ltr'>dejecit</span> <span class='ocrx_word' id='word_1_229' title='bbox 542 2463 555 2481; x_wconf 88' lang='lat'>‚</span> <span class='ocrx_word' id='word_1_230' title='bbox 568 2436 607 2476; x_wconf 72' lang='grc' dir='ltr'>ὅ(</span> <span class='ocrx_word' id='word_1_231' title='bbox 621 2449 665 2475; x_wconf 80' lang='lat' dir='ltr'>ex</span> <span class='ocrx_word' id='word_1_232' title='bbox 676 2435 857 2489; x_wconf 83' lang='lat' dir='ltr'>pestilen-</span> 
     </span>
     <span class='ocr_line' id='line_1_39' title="bbox 41 2490 856 2547; baseline 0 -13"><span class='ocrx_word' id='word_1_233' title='bbox 41 2490 146 2534; x_wconf 82' lang='lat' dir='ltr'>tibus</span> <span class='ocrx_word' id='word_1_234' title='bbox 159 2505 318 2532; x_wconf 85' lang='lat' dir='ltr'>amoena</span> <span class='ocrx_word' id='word_1_235' title='bbox 331 2494 414 2532; x_wconf 85' lang='lat' dir='ltr'>loca</span> <span class='ocrx_word' id='word_1_236' title='bbox 425 2491 608 2534; x_wconf 86' lang='lat' dir='ltr'>reddidit.</span> <span class='ocrx_word' id='word_1_237' title='bbox 625 2492 742 2539; x_wconf 87' lang='lat' dir='ltr'>Quod</span> <span class='ocrx_word' id='word_1_238' title='bbox 754 2494 856 2547; x_wconf 81' lang='lat' dir='ltr'>post-</span> 
     </span>
     <span class='ocr_line' id='line_1_40' title="bbox 42 2546 854 2606; baseline 0.004 -17"><span class='ocrx_word' id='word_1_239' title='bbox 42 2549 206 2593; x_wconf 81' lang='lat' dir='ltr'>modum</span> <span class='ocrx_word' id='word_1_240' title='bbox 219 2546 446 2605; x_wconf 85' lang='lat' dir='ltr'>quibusdam</span> <span class='ocrx_word' id='word_1_241' title='bbox 459 2564 541 2604; x_wconf 78' lang='lat' dir='ltr'><em>opus</em></span> <span class='ocrx_word' id='word_1_242' title='bbox 571 2550 719 2606; x_wconf 81' lang='lat' dir='ltr'>Julium</span> <span class='ocrx_word' id='word_1_243' title='bbox 732 2579 744 2598; x_wconf 89' lang='lat'>‚</span> <span class='ocrx_word' id='word_1_244' title='bbox 781 2553 854 2600; x_wconf 81' lang='lat' dir='ltr'>vei,</span> 
     </span>
     <span class='ocr_line' id='line_1_41' title="bbox 41 2605 723 2663; baseline 0 -16"><span class='ocrx_word' id='word_1_245' title='bbox 41 2607 144 2651; x_wconf 76' lang='lat' dir='ltr'>nuda</span> <span class='ocrx_word' id='word_1_246' title='bbox 158 2608 271 2663; x_wconf 78' lang='lat' dir='ltr'>Julia</span> <span class='ocrx_word' id='word_1_247' title='bbox 281 2609 468 2662; x_wconf 77' lang='lat' dir='ltr'>appellata</span> <span class='ocrx_word' id='word_1_248' title='bbox 481 2605 549 2647; x_wconf 86' lang='lat' dir='ltr'>est.</span> <span class='ocrx_word' id='word_1_249' title='bbox 577 2608 723 2649; x_wconf 74' lang='lat' dir='ltr'>Taubm.</span> 
     </span>
    </p>

    <p class='ocr_par' dir='ltr' id='par_1_11' title="bbox 6 2664 863 3120">
     <span class='ocr_line' id='line_1_42' title="bbox 99 2664 857 2721; baseline 0.003 -18"><span class='ocrx_word' id='word_1_250' title='bbox 99 2677 194 2717; x_wconf 81' lang='lat'>443.</span> <span class='ocrx_word' id='word_1_251' title='bbox 224 2668 392 2717; x_wconf 48' lang='lat' dir='ltr'>infimam</span> <span class='ocrx_word' id='word_1_252' title='bbox 415 2665 574 2716; x_wconf 68' lang='lat' dir='ltr'>vatem]</span> <span class='ocrx_word' id='word_1_253' title='bbox 599 2664 857 2721; x_wconf 75' lang='lat' dir='ltr'>Aliimagnam</span> 
     </span>
     <span class='ocr_line' id='line_1_43' title="bbox 40 2718 858 2776; baseline 0.002 -16"><span class='ocrx_word' id='word_1_254' title='bbox 40 2718 200 2761; x_wconf 76' lang='lat' dir='ltr'>dicuntt</span> <span class='ocrx_word' id='word_1_255' title='bbox 241 2722 329 2776; x_wconf 80' lang='lat' dir='ltr'>quia</span> <span class='ocrx_word' id='word_1_256' title='bbox 352 2721 430 2761; x_wconf 89' lang='lat' dir='ltr'>duo</span> <span class='ocrx_word' id='word_1_257' title='bbox 455 2735 595 2776; x_wconf 84' lang='lat' dir='ltr'>genera</span> <span class='ocrx_word' id='word_1_258' title='bbox 621 2723 858 2762; x_wconf 79' lang='lat' dir='ltr'>vaticinandi</span> 
     </span>
     <span class='ocr_line' id='line_1_44' title="bbox 41 2773 859 2833; baseline 0.002 -16"><span class='ocrx_word' id='word_1_259' title='bbox 41 2773 155 2824; x_wconf 86' lang='lat' dir='ltr'>sunt,</span> <span class='ocrx_word' id='word_1_260' title='bbox 181 2789 247 2819; x_wconf 82' lang='lat' dir='ltr'>aut</span> <span class='ocrx_word' id='word_1_261' title='bbox 259 2777 413 2832; x_wconf 78' lang='lat' dir='ltr'>{implex</span> <span class='ocrx_word' id='word_1_262' title='bbox 424 2807 439 2827; x_wconf 87' lang='lat'>‚</span> <span class='ocrx_word' id='word_1_263' title='bbox 467 2791 508 2819; x_wconf 82' lang='lat' dir='ltr'>nt</span> <span class='ocrx_word' id='word_1_264' title='bbox 522 2780 661 2820; x_wconf 82' lang='lat' dir='ltr'>Heleni</span> <span class='ocrx_word' id='word_1_265' title='bbox 679 2799 689 2827; x_wconf 84' lang='lat'>;</span> <span class='ocrx_word' id='word_1_266' title='bbox 717 2792 782 2821; x_wconf 84' lang='lat' dir='ltr'>aut</span> <span class='ocrx_word' id='word_1_267' title='bbox 794 2793 859 2833; x_wconf 87' lang='lat' dir='ltr'>per</span> 
     </span>
     <span class='ocr_line' id='line_1_45' title="bbox 39 2832 858 2891; baseline 0.004 -18"><span class='ocrx_word' id='word_1_268' title='bbox 39 2832 215 2876; x_wconf 77' lang='lat' dir='ltr'>furorem</span> <span class='ocrx_word' id='word_1_269' title='bbox 231 2865 244 2884; x_wconf 88' lang='lat'>,</span> <span class='ocrx_word' id='word_1_270' title='bbox 273 2849 314 2876; x_wconf 91' lang='lat' dir='ltr'>ut</span> <span class='ocrx_word' id='word_1_271' title='bbox 341 2835 512 2891; x_wconf 83' lang='lat' dir='ltr'>Sibyllae:</span> <span class='ocrx_word' id='word_1_272' title='bbox 539 2837 641 2890; x_wconf 81' lang='lat' dir='ltr'>Qia</span> <span class='ocrx_word' id='word_1_273' title='bbox 665 2835 806 2877; x_wconf 55' lang='lat' dir='ltr'>vates}</span> <span class='ocrx_word' id='word_1_274' title='bbox 821 2838 858 2876; x_wconf 89' lang='lat' dir='ltr'>vi</span> 
     </span>
     <span class='ocr_line' id='line_1_46' title="bbox 6 2893 859 2946; baseline 0.004 -15"><span class='ocrx_word' id='word_1_275' title='bbox 6 2911 7 2918; x_wconf 49' lang='lat'>1</span> <span class='ocrx_word' id='word_1_276' title='bbox 41 2893 189 2939; x_wconf 80' lang='lat' dir='ltr'>mentis</span> <span class='ocrx_word' id='word_1_277' title='bbox 211 2895 423 2946; x_wconf 82' lang='lat' dir='ltr'>appellatos</span> <span class='ocrx_word' id='word_1_278' title='bbox 449 2902 463 2942; x_wconf 85' lang='lat'>,&#39;</span> <span class='ocrx_word' id='word_1_279' title='bbox 492 2899 612 2935; x_wconf 87' lang='lat' dir='ltr'>Varro</span> <span class='ocrx_word' id='word_1_280' title='bbox 635 2895 768 2934; x_wconf 66' lang='lat' dir='ltr'>aneto:</span> <span class='ocrx_word' id='word_1_281' title='bbox 791 2895 859 2934; x_wconf 80' lang='lat' dir='ltr'>est:</span> 
     </span>
     <span class='ocr_line' id='line_1_47' title="bbox 42 2945 862 3005; baseline 0.005 -18"><span class='ocrx_word' id='word_1_282' title='bbox 42 2945 107 2988; x_wconf 81' lang='lat' dir='ltr'>sed</span> <span class='ocrx_word' id='word_1_283' title='bbox 120 2951 257 2990; x_wconf 84' lang='lat' dir='ltr'>melius</span> <span class='ocrx_word' id='word_1_284' title='bbox 270 2950 344 2990; x_wconf 88' lang='lat' dir='ltr'>deo</span> <span class='ocrx_word' id='word_1_285' title='bbox 360 2953 512 3005; x_wconf 80' lang='lat' dir='ltr'>plenam</span> <span class='ocrx_word' id='word_1_286' title='bbox 531 2979 544 2999; x_wconf 89' lang='lat'><em>‚</em></span> <span class='ocrx_word' id='word_1_287' title='bbox 574 2953 613 2991; x_wconf 72' lang='grc' dir='ltr'>δε</span> <span class='ocrx_word' id='word_1_288' title='bbox 629 2952 862 2991; x_wconf 80' lang='lat' dir='ltr'>vaticinatri-</span> 
     </span>
     <span class='ocr_line' id='line_1_48' title="bbox 8 3006 863 3061; baseline 0.007 -17"><span class='ocrx_word' id='word_1_289' title='bbox 8 3033 9 3037; x_wconf 61' lang='lat'>,</span> <span class='ocrx_word' id='word_1_290' title='bbox 41 3017 126 3046; x_wconf 77' lang='lat' dir='ltr'>cem</span> <span class='ocrx_word' id='word_1_291' title='bbox 140 3006 448 3061; x_wconf 77' lang='lat' dir='ltr'>intelligimuszA</span> <span class='ocrx_word' id='word_1_292' title='bbox 465 3013 684 3049; x_wconf 82' lang='lat' dir='ltr'>Graecorum</span> <span class='ocrx_word' id='word_1_293' title='bbox 699 3010 863 3050; x_wconf 69' lang='lat' dir='ltr'>uastum</span> 
     </span>
     <span class='ocr_line' id='line_1_49' title="bbox 43 3064 862 3120; baseline 0.004 -18"><span class='ocrx_word' id='word_1_294' title='bbox 43 3065 285 3118; x_wconf 81' lang='lat' dir='ltr'>etymologia</span> <span class='ocrx_word' id='word_1_295' title='bbox 301 3093 314 3111; x_wconf 90' lang='lat'>,</span> <span class='ocrx_word' id='word_1_296' title='bbox 343 3066 407 3120; x_wconf 86' lang='lat' dir='ltr'>qui</span> <span class='ocrx_word' id='word_1_297' title='bbox 433 3064 620 3117; x_wconf 63' lang='grc' dir='ltr'>μάντεις,</span> <span class='ocrx_word' id='word_1_298' title='bbox 651 3065 723 3105; x_wconf 63' lang='lat' dir='ltr'>Xm‘</span> <span class='ocrx_word' id='word_1_299' title='bbox 740 3066 862 3117; x_wconf 55' lang='grc' dir='ltr'><strong><em>αἳμα-</em></strong></span> 
     </span>
    </p>
   </div>
   <div class='ocr_carea' id='block_1_7' title="bbox 891 560 1725 2773">
    <p class='ocr_par' dir='ltr' id='par_1_12' title="bbox 891 560 1721 1231">
     <span class='ocr_line' id='line_1_50' title="bbox 1504 560 1721 641; baseline 0.028 -26"><span class='ocrx_word' id='word_1_300' title='bbox 1504 560 1721 641; x_wconf 77' lang='lat' dir='ltr'>Digcrit</span> 
     </span>
     <span class='ocr_line' id='line_1_51' title="bbox 891 659 1715 716; baseline 0.013 -15"><span class='ocrx_word' id='word_1_301' title='bbox 891 659 1085 702; x_wconf 83' lang='lat' dir='ltr'>humanos</span> <span class='ocrx_word' id='word_1_302' title='bbox 1109 662 1397 716; x_wconf 77' lang='lat' dir='ltr'>intelligentia,</span> <span class='ocrx_word' id='word_1_303' title='bbox 1423 664 1533 707; x_wconf 81' lang='lat' dir='ltr'>furor</span> <span class='ocrx_word' id='word_1_304' title='bbox 1559 668 1715 712; x_wconf 79' lang='lat' dir='ltr'>&amp;insa-</span> 
     </span>
     <span class='ocr_line' id='line_1_52' title="bbox 895 719 1717 769; baseline 0.015 -12"><span class='ocrx_word' id='word_1_305' title='bbox 895 719 959 757; x_wconf 90' lang='lat' dir='ltr'>nia</span> <span class='ocrx_word' id='word_1_306' title='bbox 983 719 1121 759; x_wconf 88' lang='lat' dir='ltr'>dicitur</span> <span class='ocrx_word' id='word_1_307' title='bbox 1134 747 1147 766; x_wconf 91' lang='lat'>,</span> <span class='ocrx_word' id='word_1_308' title='bbox 1174 720 1267 760; x_wconf 86' lang='lat' dir='ltr'>teste</span> <span class='ocrx_word' id='word_1_309' title='bbox 1283 723 1478 764; x_wconf 81' lang='lat' dir='ltr'>Cicerone</span> <span class='ocrx_word' id='word_1_310' title='bbox 1489 725 1537 766; x_wconf 88' lang='lat' dir='ltr'>de</span> <span class='ocrx_word' id='word_1_311' title='bbox 1553 728 1717 769; x_wconf 74' lang='lat' dir='ltr'>Divina-</span> 
     </span>
     <span class='ocr_line' id='line_1_53' title="bbox 893 776 1710 835; baseline 0.016 -22"><span class='ocrx_word' id='word_1_312' title='bbox 893 776 1027 814; x_wconf 85' lang='lat' dir='ltr'>tione:</span> <span class='ocrx_word' id='word_1_313' title='bbox 1066 779 1160 817; x_wconf 82' lang='lat' dir='ltr'>Huic</span> <span class='ocrx_word' id='word_1_314' title='bbox 1178 777 1470 833; x_wconf 65' lang='lat' dir='ltr'>prastantissimae</span> <span class='ocrx_word' id='word_1_315' title='bbox 1495 787 1550 822; x_wconf 77' lang='grc' dir='ltr'>νεὶ</span> <span class='ocrx_word' id='word_1_316' title='bbox 1571 802 1710 835; x_wconf 81' lang='lat' dir='ltr'>nomen,</span> 
     </span>
     <span class='ocr_line' id='line_1_54' title="bbox 892 831 1716 898; baseline 0.016 -28"><span class='ocrx_word' id='word_1_317' title='bbox 892 831 1028 885; x_wconf 65' lang='lat' dir='ltr'>nustriax</span> <span class='ocrx_word' id='word_1_318' title='bbox 1048 833 1176 879; x_wconf 59' lang='grc' dir='ltr'>Αἰνίας</span> <span class='ocrx_word' id='word_1_319' title='bbox 1201 839 1310 874; x_wconf 76' lang='lat' dir='ltr'>Graeci</span> <span class='ocrx_word' id='word_1_320' title='bbox 1326 863 1339 881; x_wconf 91' lang='lat'>,</span> <span class='ocrx_word' id='word_1_321' title='bbox 1363 849 1405 877; x_wconf 78' lang='lat' dir='ltr'>ut</span> <span class='ocrx_word' id='word_1_322' title='bbox 1421 843 1533 880; x_wconf 74' lang='lat' dir='ltr'>‘Plato</span> <span class='ocrx_word' id='word_1_323' title='bbox 1542 844 1716 898; x_wconf 81' lang='lat' dir='ltr'>interpre-</span> 
     </span>
     <span class='ocr_line' id='line_1_55' title="bbox 892 892 1716 951; baseline 0.017 -24"><span class='ocrx_word' id='word_1_324' title='bbox 892 900 991 928; x_wconf 77' lang='lat' dir='ltr'>tatur</span> <span class='ocrx_word' id='word_1_325' title='bbox 1003 916 1018 937; x_wconf 89' lang='lat'><em>,</em></span> <span class='ocrx_word' id='word_1_326' title='bbox 1043 893 1067 929; x_wconf 74' lang='lat' dir='ltr'>a¹</span> <span class='ocrx_word' id='word_1_327' title='bbox 1077 894 1199 942; x_wconf 81' lang='lat' dir='ltr'>furore</span> <span class='ocrx_word' id='word_1_328' title='bbox 1212 892 1412 941; x_wconf 73' lang='lat' dir='ltr'>dixerunt5</span> <span class='ocrx_word' id='word_1_329' title='bbox 1435 901 1716 951; x_wconf 67' lang='lat' dir='ltr'>prorshsfuron&#39;s</span> 
     </span>
     <span class='ocr_line' id='line_1_56' title="bbox 892 945 1718 1008; baseline 0.019 -25"><span class='ocrx_word' id='word_1_330' title='bbox 892 945 1149 987; x_wconf 66' lang='lat' dir='ltr'>divinatio-nem</span> <span class='ocrx_word' id='word_1_331' title='bbox 1173 949 1355 1004; x_wconf 70' lang='lat' dir='ltr'>Sibyllinis</span> <span class='ocrx_word' id='word_1_332' title='bbox 1376 956 1531 993; x_wconf 75' lang='lat' dir='ltr'>maxime</span> <span class='ocrx_word' id='word_1_333' title='bbox 1554 957 1718 1008; x_wconf 75' lang='lat' dir='ltr'>versibus</span> 
     </span>
     <span class='ocr_line' id='line_1_57' title="bbox 893 1005 1716 1067; baseline 0.019 -27"><span class='ocrx_word' id='word_1_334' title='bbox 893 1005 1069 1043; x_wconf 75' lang='lat' dir='ltr'>contineri</span> <span class='ocrx_word' id='word_1_335' title='bbox 1092 1007 1262 1045; x_wconf 72' lang='lat' dir='ltr'>arbitrati</span> <span class='ocrx_word' id='word_1_336' title='bbox 1278 1025 1288 1054; x_wconf 81' lang='lat'><em>3</em></span> <span class='ocrx_word' id='word_1_337' title='bbox 1315 1008 1430 1048; x_wconf 82' lang='lat' dir='ltr'>Unde</span> <span class='ocrx_word' id='word_1_338' title='bbox 1442 1010 1563 1051; x_wconf 83' lang='lat' dir='ltr'>adhuc</span> <span class='ocrx_word' id='word_1_339' title='bbox 1573 1016 1639 1067; x_wconf 76' lang='lat' dir='ltr'>qui</span> <span class='ocrx_word' id='word_1_340' title='bbox 1647 1015 1716 1056; x_wconf 81' lang='lat' dir='ltr'>in-</span> 
     </span>
     <span class='ocr_line' id='line_1_58' title="bbox 894 1055 1717 1126; baseline 0.018 -29"><span class='ocrx_word' id='word_1_341' title='bbox 894 1055 1024 1112; x_wconf 84' lang='lat' dir='ltr'>spirari</span> <span class='ocrx_word' id='word_1_342' title='bbox 1036 1057 1165 1101; x_wconf 87' lang='lat' dir='ltr'>solent</span> <span class='ocrx_word' id='word_1_343' title='bbox 1178 1090 1192 1109; x_wconf 91' lang='lat'><em>,</em></span> <span class='ocrx_word' id='word_1_344' title='bbox 1205 1065 1551 1115; x_wconf 72' lang='lat' dir='ltr'>fatuaridicuntur.</span> <span class='ocrx_word' id='word_1_345' title='bbox 1582 1072 1717 1126; x_wconf 83' lang='lat' dir='ltr'>virgi-</span> 
     </span>
     <span class='ocr_line' id='line_1_59' title="bbox 893 1118 1713 1185; baseline 0.018 -30"><span class='ocrx_word' id='word_1_346' title='bbox 893 1118 992 1157; x_wconf 84' lang='lat' dir='ltr'>lius:</span> <span class='ocrx_word' id='word_1_347' title='bbox 1023 1124 1195 1174; x_wconf 77' lang='lat' dir='ltr'>Magnam</span> <span class='ocrx_word' id='word_1_348' title='bbox 1231 1124 1285 1162; x_wconf 79' lang='lat' dir='ltr'>cus·</span> <span class='ocrx_word' id='word_1_349' title='bbox 1308 1135 1460 1164; x_wconf 79' lang='lat' dir='ltr'>mentem</span> <span class='ocrx_word' id='word_1_350' title='bbox 1485 1128 1713 1185; x_wconf 65' lang='lat' dir='ltr'>animamque</span> 
     </span>
     <span class='ocr_line' id='line_1_60' title="bbox 895 1176 1509 1231; baseline 0.011 -18"><span class='ocrx_word' id='word_1_351' title='bbox 895 1176 1024 1214; x_wconf 75' lang='lat' dir='ltr'>Delius</span> <span class='ocrx_word' id='word_1_352' title='bbox 1033 1178 1184 1231; x_wconf 50' lang='lat' dir='ltr'>inspirat</span> <span class='ocrx_word' id='word_1_353' title='bbox 1195 1191 1313 1217; x_wconf 84' lang='lat' dir='ltr'>vates.</span> <span class='ocrx_word' id='word_1_354' title='bbox 1345 1181 1509 1221; x_wconf 83' lang='lat' dir='ltr'>Servius.</span> 
     </span>
    </p>

    <p class='ocr_par' dir='ltr' id='par_1_13' title="bbox 895 1235 1719 1731">
     <span class='ocr_line' id='line_1_61' title="bbox 964 1235 1716 1286; baseline 0.015 -15"><span class='ocrx_word' id='word_1_355' title='bbox 964 1235 1145 1285; x_wconf 76' lang='lat' dir='ltr'>Infimam.</span> <span class='ocrx_word' id='word_1_356' title='bbox 1168 1235 1186 1286; x_wconf 77' lang='lat' dir='ltr'>J</span> <span class='ocrx_word' id='word_1_357' title='bbox 1223 1237 1382 1275; x_wconf 87' lang='lat' dir='ltr'>Plenam</span> <span class='ocrx_word' id='word_1_358' title='bbox 1405 1239 1594 1279; x_wconf 83' lang='lat' dir='ltr'>numinis.</span> <span class='ocrx_word' id='word_1_359' title='bbox 1623 1245 1716 1283; x_wconf 73' lang='lat' dir='ltr'>Mo-</span> 
     </span>
     <span class='ocr_line' id='line_1_62' title="bbox 895 1290 1712 1349; baseline 0.018 -22"><span class='ocrx_word' id='word_1_360' title='bbox 895 1300 978 1329; x_wconf 87' lang='lat' dir='ltr'>rem</span> <span class='ocrx_word' id='word_1_361' title='bbox 992 1290 1088 1329; x_wconf 78' lang='lat' dir='ltr'>dixit</span> <span class='ocrx_word' id='word_1_362' title='bbox 1101 1290 1250 1344; x_wconf 79' lang='lat' dir='ltr'>Sibyllae</span> <span class='ocrx_word' id='word_1_363' title='bbox 1263 1320 1276 1338; x_wconf 90' lang='lat'>‚</span> <span class='ocrx_word' id='word_1_364' title='bbox 1306 1294 1400 1333; x_wconf 89' lang='lat' dir='ltr'>&amp;in</span> <span class='ocrx_word' id='word_1_365' title='bbox 1414 1308 1491 1346; x_wconf 80' lang='lat' dir='ltr'>quo</span> <span class='ocrx_word' id='word_1_366' title='bbox 1504 1299 1593 1336; x_wconf 87' lang='lat' dir='ltr'>loco</span> <span class='ocrx_word' id='word_1_367' title='bbox 1604 1297 1712 1349; x_wconf 51' lang='lat' dir='ltr'>fin&amp;</span> 
     </span>
     <span class='ocr_line' id='line_1_63' title="bbox 897 1347 1715 1402; baseline 0.013 -17"><span class='ocrx_word' id='word_1_368' title='bbox 897 1358 981 1399; x_wconf 88' lang='lat' dir='ltr'>qno</span> <span class='ocrx_word' id='word_1_369' title='bbox 1005 1347 1144 1388; x_wconf 87' lang='lat' dir='ltr'>ordine</span> <span class='ocrx_word' id='word_1_370' title='bbox 1166 1348 1403 1402; x_wconf 78' lang='lat' dir='ltr'>singulorum</span> <span class='ocrx_word' id='word_1_371' title='bbox 1427 1352 1621 1394; x_wconf 77' lang='lat' dir='ltr'>desideriis</span> <span class='ocrx_word' id='word_1_372' title='bbox 1651 1369 1715 1397; x_wconf 85' lang='lat' dir='ltr'>re·</span> 
     </span>
     <span class='ocr_line' id='line_1_64' title="bbox 896 1402 1714 1460; baseline 0.015 -18"><span class='ocrx_word' id='word_1_373' title='bbox 896 1402 1098 1456; x_wconf 84' lang='lat' dir='ltr'>spondeat.</span> <span class='ocrx_word' id='word_1_374' title='bbox 1131 1405 1323 1446; x_wconf 84' lang='lat' dir='ltr'>Scribitin</span> <span class='ocrx_word' id='word_1_375' title='bbox 1333 1406 1440 1448; x_wconf 88' lang='lat' dir='ltr'>foliis</span> <span class='ocrx_word' id='word_1_376' title='bbox 1457 1412 1655 1460; x_wconf 80' lang='lat' dir='ltr'>‚ordinat‚</span> <span class='ocrx_word' id='word_1_377' title='bbox 1668 1416 1714 1455; x_wconf 77' lang='grc' dir='ltr'>δε</span> 
     </span>
     <span class='ocr_line' id='line_1_65' title="bbox 908 1461 1717 1512; baseline 0.014 -12"><span class='ocrx_word' id='word_1_378' title='bbox 908 1461 1075 1503; x_wconf 85' lang='lat' dir='ltr'>dimittit</span> <span class='ocrx_word' id='word_1_379' title='bbox 1090 1492 1106 1511; x_wconf 90' lang='lat'><em>‚</em></span> <span class='ocrx_word' id='word_1_380' title='bbox 1130 1463 1314 1504; x_wconf 85' lang='lat' dir='ltr'>homines</span> <span class='ocrx_word' id='word_1_381' title='bbox 1339 1465 1381 1504; x_wconf 89' lang='lat' dir='ltr'>in</span> <span class='ocrx_word' id='word_1_382' title='bbox 1408 1467 1487 1506; x_wconf 88' lang='lat' dir='ltr'>illis</span> <span class='ocrx_word' id='word_1_383' title='bbox 1509 1468 1636 1510; x_wconf 85' lang='lat' dir='ltr'>futura</span> <span class='ocrx_word' id='word_1_384' title='bbox 1656 1472 1717 1512; x_wconf 85' lang='lat' dir='ltr'>le-</span> 
     </span>
     <span class='ocr_line' id='line_1_66' title="bbox 898 1518 1714 1574; baseline 0.013 -17"><span class='ocrx_word' id='word_1_385' title='bbox 898 1530 1011 1572; x_wconf 87' lang='lat' dir='ltr'>gunt.</span> <span class='ocrx_word' id='word_1_386' title='bbox 1029 1518 1101 1561; x_wconf 86' lang='lat' dir='ltr'>Sed</span> <span class='ocrx_word' id='word_1_387' title='bbox 1115 1518 1141 1558; x_wconf 87' lang='lat' dir='ltr'>fi</span> <span class='ocrx_word' id='word_1_388' title='bbox 1155 1533 1272 1560; x_wconf 84' lang='lat' dir='ltr'>vento</span> <span class='ocrx_word' id='word_1_389' title='bbox 1283 1523 1522 1574; x_wconf 82' lang='lat' dir='ltr'>perturbatur</span> <span class='ocrx_word' id='word_1_390' title='bbox 1536 1528 1636 1567; x_wconf 83' lang='lat' dir='ltr'>ordo</span> <span class='ocrx_word' id='word_1_391' title='bbox 1646 1527 1714 1568; x_wconf 85' lang='lat' dir='ltr'>fo-</span> 
     </span>
     <span class='ocr_line' id='line_1_67' title="bbox 896 1577 1717 1632; baseline 0.012 -16"><span class='ocrx_word' id='word_1_392' title='bbox 896 1577 1042 1618; x_wconf 85' lang='lat' dir='ltr'>liorum</span> <span class='ocrx_word' id='word_1_393' title='bbox 1054 1605 1067 1624; x_wconf 88' lang='lat'><strong>,</strong></span> <span class='ocrx_word' id='word_1_394' title='bbox 1082 1590 1241 1632; x_wconf 83' lang='lat' dir='ltr'>pereunt</span> <span class='ocrx_word' id='word_1_395' title='bbox 1252 1577 1424 1620; x_wconf 86' lang='lat' dir='ltr'>consulta</span> <span class='ocrx_word' id='word_1_396' title='bbox 1437 1611 1450 1629; x_wconf 93' lang='lat'><strong>,</strong></span> <span class='ocrx_word' id='word_1_397' title='bbox 1478 1585 1518 1622; x_wconf 86' lang='lat'>&amp;</span> <span class='ocrx_word' id='word_1_398' title='bbox 1530 1583 1640 1624; x_wconf 84' lang='lat' dir='ltr'>dubii</span> <span class='ocrx_word' id='word_1_399' title='bbox 1652 1599 1717 1626; x_wconf 78' lang='lat' dir='ltr'>re-</span> 
     </span>
     <span class='ocr_line' id='line_1_68' title="bbox 898 1635 1719 1689; baseline 0.016 -18"><span class='ocrx_word' id='word_1_400' title='bbox 898 1645 1062 1674; x_wconf 86' lang='lat' dir='ltr'>manent</span> <span class='ocrx_word' id='word_1_401' title='bbox 1074 1663 1089 1684; x_wconf 88' lang='lat'><strong><em>,</em></strong></span> <span class='ocrx_word' id='word_1_402' title='bbox 1103 1635 1168 1689; x_wconf 75' lang='lat' dir='ltr'>qui</span> <span class='ocrx_word' id='word_1_403' title='bbox 1183 1649 1370 1677; x_wconf 81' lang='lat' dir='ltr'>venerant</span> <span class='ocrx_word' id='word_1_404' title='bbox 1386 1636 1607 1682; x_wconf 82' lang='lat' dir='ltr'>consulturi.</span> <span class='ocrx_word' id='word_1_405' title='bbox 1637 1647 1719 1683; x_wconf 72' lang='lat' dir='ltr'>Da·</span> 
     </span>
     <span class='ocr_line' id='line_1_69' title="bbox 903 1703 1024 1731; baseline 0.008 -1"><span class='ocrx_word' id='word_1_406' title='bbox 903 1703 1024 1731; x_wconf 72' lang='lat' dir='ltr'>natu-s·</span> 
     </span>
    </p>

    <p class='ocr_par' dir='ltr' id='par_1_14' title="bbox 897 1749 1715 1916">
     <span class='ocr_line' id='line_1_70' title="bbox 958 1749 1715 1810; baseline 0.013 -23"><span class='ocrx_word' id='word_1_407' title='bbox 958 1749 1029 1788; x_wconf 73' lang='lat' dir='ltr'>Sub</span> <span class='ocrx_word' id='word_1_408' title='bbox 1040 1749 1149 1801; x_wconf 59' lang='lat' dir='ltr'>imm]</span> <span class='ocrx_word' id='word_1_409' title='bbox 1181 1755 1228 1790; x_wconf 87' lang='lat' dir='ltr'>In</span> <span class='ocrx_word' id='word_1_410' title='bbox 1241 1749 1349 1789; x_wconf 77' lang='lat' dir='ltr'>ima:</span> <span class='ocrx_word' id='word_1_411' title='bbox 1371 1762 1440 1792; x_wconf 85' lang='lat' dir='ltr'>ut:</span> <span class='ocrx_word' id='word_1_412' title='bbox 1462 1757 1715 1810; x_wconf 52' lang='lat' dir='ltr'>Ramquesub</span> 
     </span>
     <span class='ocr_line' id='line_1_71' title="bbox 897 1805 1712 1867; baseline 0.016 -25"><span class='ocrx_word' id='word_1_413' title='bbox 897 1806 1032 1863; x_wconf 71' lang='lat' dir='ltr'>ingenti</span> <span class='ocrx_word' id='word_1_414' title='bbox 1053 1805 1174 1859; x_wconf 76' lang='lat' dir='ltr'>lustrat</span> <span class='ocrx_word' id='word_1_415' title='bbox 1197 1807 1283 1847; x_wconf 83' lang='lat' dir='ltr'>dum</span> <span class='ocrx_word' id='word_1_416' title='bbox 1301 1808 1442 1864; x_wconf 72' lang='lat' dir='ltr'>singula</span> <span class='ocrx_word' id='word_1_417' title='bbox 1464 1817 1614 1867; x_wconf 80' lang='lat' dir='ltr'>templo.-</span> <span class='ocrx_word' id='word_1_418' title='bbox 1651 1815 1712 1863; x_wconf 83' lang='lat'>&amp;,</span> 
     </span>
     <span class='ocr_line' id='line_1_72' title="bbox 899 1866 1506 1916; baseline 0.008 -15"><span class='ocrx_word' id='word_1_419' title='bbox 899 1866 1044 1902; x_wconf 73' lang='lat' dir='ltr'>Exercet</span> <span class='ocrx_word' id='word_1_420' title='bbox 1046 1866 1186 1916; x_wconf 66' lang='lat' dir='ltr'>fiibsole</span> <span class='ocrx_word' id='word_1_421' title='bbox 1197 1867 1306 1905; x_wconf 77' lang='lat' dir='ltr'>labor.</span> <span class='ocrx_word' id='word_1_422' title='bbox 1339 1867 1506 1907; x_wconf 82' lang='lat' dir='ltr'>Servius.</span> 
     </span>
    </p>

    <p class='ocr_par' dir='ltr' id='par_1_15' title="bbox 901 1925 1722 2424">
     <span class='ocr_line' id='line_1_73' title="bbox 955 1925 1715 1979; baseline 0.013 -22"><span class='ocrx_word' id='word_1_423' title='bbox 955 1933 1053 1972; x_wconf 79' lang='lat'>444.</span> <span class='ocrx_word' id='word_1_424' title='bbox 1086 1925 1179 1960; x_wconf 78' lang='lat' dir='ltr'>Fata</span> <span class='ocrx_word' id='word_1_425' title='bbox 1203 1925 1326 1969; x_wconf 72' lang='lat' dir='ltr'>canit,</span> <span class='ocrx_word' id='word_1_426' title='bbox 1340 1926 1504 1979; x_wconf 60' lang='lat' dir='ltr'>foliisqm’</span> <span class='ocrx_word' id='word_1_427' title='bbox 1531 1938 1635 1966; x_wconf 72' lang='lat' dir='ltr'>notas</span> <span class='ocrx_word' id='word_1_428' title='bbox 1658 1932 1715 1972; x_wconf 56' lang='grc' dir='ltr'>ἐν</span> 
     </span>
     <span class='ocr_line' id='line_1_74' title="bbox 901 1979 1714 2031; baseline 0.012 -16"><span class='ocrx_word' id='word_1_429' title='bbox 901 1981 1041 2018; x_wconf 74' lang='lat' dir='ltr'>nomina</span> <span class='ocrx_word' id='word_1_430' title='bbox 1064 1979 1250 2031; x_wconf 61' lang='lat' dir='ltr'>mandat]</span> <span class='ocrx_word' id='word_1_431' title='bbox 1275 1979 1417 2021; x_wconf 83' lang='lat' dir='ltr'>Tribus</span> <span class='ocrx_word' id='word_1_432' title='bbox 1444 1982 1574 2022; x_wconf 75' lang='lat' dir='ltr'>modis</span> <span class='ocrx_word' id='word_1_433' title='bbox 1585 1983 1714 2025; x_wconf 74' lang='lat' dir='ltr'>aitfit-</span> 
     </span>
     <span class='ocr_line' id='line_1_75' title="bbox 905 2035 1718 2094; baseline 0.012 -21"><span class='ocrx_word' id='word_1_434' title='bbox 905 2044 988 2074; x_wconf 81' lang='lat' dir='ltr'>tura</span> <span class='ocrx_word' id='word_1_435' title='bbox 1002 2035 1177 2089; x_wconf 68' lang='lat' dir='ltr'>praedicta</span> <span class='ocrx_word' id='word_1_436' title='bbox 1195 2052 1204 2076; x_wconf 92' lang='lat'><strong>:</strong></span> <span class='ocrx_word' id='word_1_437' title='bbox 1230 2048 1294 2077; x_wconf 86' lang='lat' dir='ltr'>aut</span> <span class='ocrx_word' id='word_1_438' title='bbox 1305 2051 1401 2078; x_wconf 85' lang='lat' dir='ltr'>voce</span> <span class='ocrx_word' id='word_1_439' title='bbox 1415 2065 1430 2086; x_wconf 84' lang='lat'><strong><em>,</em></strong></span> <span class='ocrx_word' id='word_1_440' title='bbox 1441 2051 1507 2079; x_wconf 88' lang='lat' dir='ltr'>aut</span> <span class='ocrx_word' id='word_1_441' title='bbox 1519 2041 1718 2094; x_wconf 68' lang='lat' dir='ltr'>scriptura,</span> 
     </span>
     <span class='ocr_line' id='line_1_76' title="bbox 903 2092 1719 2150; baseline 0.011 -19"><span class='ocrx_word' id='word_1_442' title='bbox 903 2104 968 2132; x_wconf 87' lang='lat' dir='ltr'>aut</span> <span class='ocrx_word' id='word_1_443' title='bbox 979 2092 1094 2146; x_wconf 82' lang='lat' dir='ltr'>signis</span> <span class='ocrx_word' id='word_1_444' title='bbox 1109 2122 1123 2142; x_wconf 86' lang='lat'><strong><em>,</em></strong></span> <span class='ocrx_word' id='word_1_445' title='bbox 1148 2093 1187 2132; x_wconf 88' lang='lat' dir='ltr'>id</span> <span class='ocrx_word' id='word_1_446' title='bbox 1200 2093 1255 2133; x_wconf 86' lang='lat' dir='ltr'>est</span> <span class='ocrx_word' id='word_1_447' title='bbox 1269 2122 1281 2141; x_wconf 90' lang='lat'><strong>,</strong></span> <span class='ocrx_word' id='word_1_448' title='bbox 1306 2094 1533 2150; x_wconf 84' lang='lat' dir='ltr'>quibusdam</span> <span class='ocrx_word' id='word_1_449' title='bbox 1547 2100 1719 2150; x_wconf 80' lang='lat' dir='ltr'>notis,ut</span> 
     </span>
     <span class='ocr_line' id='line_1_77' title="bbox 906 2147 1717 2205; baseline 0.012 -17"><span class='ocrx_word' id='word_1_450' title='bbox 906 2149 947 2188; x_wconf 90' lang='lat' dir='ltr'>in</span> <span class='ocrx_word' id='word_1_451' title='bbox 960 2147 1140 2190; x_wconf 83' lang='lat' dir='ltr'>obeliscis</span> <span class='ocrx_word' id='word_1_452' title='bbox 1165 2156 1301 2191; x_wconf 73' lang='lat' dir='ltr'>Romae</span> <span class='ocrx_word' id='word_1_453' title='bbox 1327 2152 1527 2194; x_wconf 87' lang='lat' dir='ltr'>videmus:</span> <span class='ocrx_word' id='word_1_454' title='bbox 1557 2158 1642 2205; x_wconf 86' lang='lat' dir='ltr'>vel,</span> <span class='ocrx_word' id='word_1_455' title='bbox 1672 2168 1717 2199; x_wconf 86' lang='lat' dir='ltr'>ut</span> 
     </span>
     <span class='ocr_line' id='line_1_78' title="bbox 903 2206 1623 2254; baseline 0.013 -10"><span class='ocrx_word' id='word_1_456' title='bbox 903 2207 969 2245; x_wconf 84' lang='lat' dir='ltr'>alii</span> <span class='ocrx_word' id='word_1_457' title='bbox 992 2206 1128 2248; x_wconf 80' lang='lat' dir='ltr'>dicunt</span> <span class='ocrx_word' id='word_1_458' title='bbox 1143 2235 1155 2253; x_wconf 92' lang='lat'><em>‚</em></span> <span class='ocrx_word' id='word_1_459' title='bbox 1194 2209 1301 2249; x_wconf 89' lang='lat' dir='ltr'>notis</span> <span class='ocrx_word' id='word_1_460' title='bbox 1324 2210 1552 2251; x_wconf 82' lang='lat' dir='ltr'>literarum:</span> <span class='ocrx_word' id='word_1_461' title='bbox 1582 2226 1623 2254; x_wconf 86' lang='lat' dir='ltr'>ut</span> 
     </span>
     <span class='ocr_line' id='line_1_79' title="bbox 905 2265 1721 2322; baseline 0.012 -21"><span class='ocrx_word' id='word_1_462' title='bbox 905 2277 1021 2302; x_wconf 88' lang='lat' dir='ltr'>unam</span> <span class='ocrx_word' id='word_1_463' title='bbox 1033 2265 1188 2304; x_wconf 86' lang='lat' dir='ltr'>literam</span> <span class='ocrx_word' id='word_1_464' title='bbox 1200 2265 1387 2318; x_wconf 72' lang='lat' dir='ltr'>significet</span> <span class='ocrx_word' id='word_1_465' title='bbox 1399 2268 1555 2322; x_wconf 84' lang='lat' dir='ltr'>aliquid.</span> <span class='ocrx_word' id='word_1_466' title='bbox 1589 2274 1638 2310; x_wconf 86' lang='lat' dir='ltr'>In</span> <span class='ocrx_word' id='word_1_467' title='bbox 1647 2271 1721 2311; x_wconf 85' lang='lat' dir='ltr'>fo-</span> 
     </span>
     <span class='ocr_line' id='line_1_80' title="bbox 901 2321 1722 2378; baseline 0.016 -20"><span class='ocrx_word' id='word_1_468' title='bbox 901 2321 964 2358; x_wconf 87' lang='lat' dir='ltr'>liis</span> <span class='ocrx_word' id='word_1_469' title='bbox 987 2333 1115 2361; x_wconf 86' lang='lat' dir='ltr'>autem</span> <span class='ocrx_word' id='word_1_470' title='bbox 1128 2323 1344 2374; x_wconf 75' lang='lat' dir='ltr'>palmarum</span> <span class='ocrx_word' id='word_1_471' title='bbox 1360 2323 1545 2378; x_wconf 81' lang='lat' dir='ltr'>Sibyllam</span> <span class='ocrx_word' id='word_1_472' title='bbox 1556 2323 1722 2371; x_wconf 72' lang='lat' dir='ltr'>scribere</span> 
     </span>
     <span class='ocr_line' id='line_1_81' title="bbox 906 2374 1705 2424; baseline 0.008 -8"><span class='ocrx_word' id='word_1_473' title='bbox 906 2374 1027 2417; x_wconf 87' lang='lat' dir='ltr'>solere</span> <span class='ocrx_word' id='word_1_474' title='bbox 1042 2406 1054 2424; x_wconf 92' lang='lat'>‚</span> <span class='ocrx_word' id='word_1_475' title='bbox 1067 2377 1222 2418; x_wconf 84' lang='lat' dir='ltr'>testatur</span> <span class='ocrx_word' id='word_1_476' title='bbox 1236 2385 1366 2422; x_wconf 75' lang='lat' dir='ltr'>Varro,</span> <span class='ocrx_word' id='word_1_477' title='bbox 1401 2382 1517 2421; x_wconf 83' lang='lat' dir='ltr'>Idem.</span> <span class='ocrx_word' id='word_1_478' title='bbox 1698 2378 1705 2384; x_wconf 77' lang='grc'>’</span> 
     </span>
    </p>

    <p class='ocr_par' dir='ltr' id='par_1_16' title="bbox 905 2437 1725 2545">
     <span class='ocr_line' id='line_1_82' title="bbox 985 2437 1725 2491; baseline 0.014 -17"><span class='ocrx_word' id='word_1_479' title='bbox 985 2437 1142 2486; x_wconf 48' lang='lat' dir='ltr'>Folia]</span> <span class='ocrx_word' id='word_1_480' title='bbox 1173 2437 1321 2477; x_wconf 79' lang='lat' dir='ltr'>Palmae.</span> <span class='ocrx_word' id='word_1_481' title='bbox 1377 2438 1529 2491; x_wconf 77' lang='lat' dir='ltr'>Notas-J</span> <span class='ocrx_word' id='word_1_482' title='bbox 1556 2440 1725 2486; x_wconf 77' lang='lat' dir='ltr'>Literas.</span> 
     </span>
     <span class='ocr_line' id='line_1_83' title="bbox 905 2491 1402 2545; baseline 0.004 -13"><span class='ocrx_word' id='word_1_483' title='bbox 905 2493 1095 2545; x_wconf 78' lang='lat' dir='ltr'>Nomina-J</span> <span class='ocrx_word' id='word_1_484' title='bbox 1118 2491 1253 2533; x_wconf 79' lang='lat' dir='ltr'>Verba.</span> <span class='ocrx_word' id='word_1_485' title='bbox 1287 2494 1402 2537; x_wconf 81' lang='lat' dir='ltr'>Idem.</span> 
     </span>
    </p>

    <p class='ocr_par' dir='ltr' id='par_1_17' title="bbox 903 2551 1725 2773">
     <span class='ocr_line' id='line_1_84' title="bbox 963 2551 1723 2609; baseline 0.009 -20"><span class='ocrx_word' id='word_1_486' title='bbox 963 2563 1057 2599; x_wconf 75' lang='lat'>445.</span> <span class='ocrx_word' id='word_1_487' title='bbox 1091 2554 1261 2591; x_wconf 75' lang='lat' dir='ltr'>Carmina</span> <span class='ocrx_word' id='word_1_488' title='bbox 1294 2551 1439 2608; x_wconf 57' lang='lat' dir='ltr'>virgo]</span> <span class='ocrx_word' id='word_1_489' title='bbox 1481 2551 1636 2609; x_wconf 74' lang='lat' dir='ltr'>Qaevis</span> <span class='ocrx_word' id='word_1_490' title='bbox 1659 2567 1723 2596; x_wconf 84' lang='lat' dir='ltr'>te·</span> 
     </span>
     <span class='ocr_line' id='line_1_85' title="bbox 903 2602 1722 2667; baseline 0.01 -22"><span class='ocrx_word' id='word_1_491' title='bbox 903 2602 1038 2658; x_wconf 82' lang='lat' dir='ltr'>sponsa</span> <span class='ocrx_word' id='word_1_492' title='bbox 1075 2605 1238 2647; x_wconf 83' lang='lat' dir='ltr'>verfibus</span> <span class='ocrx_word' id='word_1_493' title='bbox 1272 2605 1549 2651; x_wconf 82' lang='lat' dir='ltr'>scribebantur.</span> <span class='ocrx_word' id='word_1_494' title='bbox 1599 2612 1722 2667; x_wconf 85' lang='lat' dir='ltr'>Virgo</span> 
     </span>
     <span class='ocr_line' id='line_1_86' title="bbox 908 2664 1724 2723; baseline 0.011 -21"><span class='ocrx_word' id='word_1_495' title='bbox 908 2675 998 2702; x_wconf 82' lang='lat' dir='ltr'>veto</span> <span class='ocrx_word' id='word_1_496' title='bbox 1024 2664 1214 2705; x_wconf 77' lang='lat' dir='ltr'>Phemmoe</span> <span class='ocrx_word' id='word_1_497' title='bbox 1239 2665 1343 2707; x_wconf 71' lang='lat' dir='ltr'>dista</span> <span class='ocrx_word' id='word_1_498' title='bbox 1365 2665 1431 2707; x_wconf 84' lang='lat' dir='ltr'>est.</span> <span class='ocrx_word' id='word_1_499' title='bbox 1469 2681 1561 2707; x_wconf 87' lang='lat' dir='ltr'>nam</span> <span class='ocrx_word' id='word_1_500' title='bbox 1585 2670 1724 2723; x_wconf 69' lang='lat' dir='ltr'>Sibylla</span> 
     </span>
     <span class='ocr_line' id='line_1_87' title="bbox 904 2721 1725 2773; baseline 0.012 -14"><span class='ocrx_word' id='word_1_501' title='bbox 904 2721 1178 2773; x_wconf 86' lang='lat' dir='ltr'>appellativum</span> <span class='ocrx_word' id='word_1_502' title='bbox 1200 2721 1253 2763; x_wconf 91' lang='lat' dir='ltr'>est</span> <span class='ocrx_word' id='word_1_503' title='bbox 1268 2735 1442 2764; x_wconf 87' lang='lat' dir='ltr'>nornen:</span> <span class='ocrx_word' id='word_1_504' title='bbox 1469 2724 1565 2765; x_wconf 87' lang='lat' dir='ltr'>adeo</span> <span class='ocrx_word' id='word_1_505' title='bbox 1577 2737 1619 2766; x_wconf 88' lang='lat' dir='ltr'>ut</span> <span class='ocrx_word' id='word_1_506' title='bbox 1628 2732 1725 2768; x_wconf 83' lang='lat' dir='ltr'>Var-</span> 
     </span>
    </p>
   </div>
   <div class='ocr_carea' id='block_1_8' title="bbox 900 2778 1727 2835">
    <p class='ocr_par' dir='ltr' id='par_1_18' title="bbox 900 2778 1727 2835">
     <span class='ocr_line' id='line_1_88' title="bbox 900 2778 1727 2835; baseline 0.011 -19"><span class='ocrx_word' id='word_1_507' title='bbox 900 2790 953 2817; x_wconf 74' lang='lat' dir='ltr'>vro</span> <span class='ocrx_word' id='word_1_508' title='bbox 967 2790 1062 2832; x_wconf 89' lang='lat' dir='ltr'>quot</span> <span class='ocrx_word' id='word_1_509' title='bbox 1075 2778 1225 2832; x_wconf 84' lang='lat' dir='ltr'>Sibyllae</span> <span class='ocrx_word' id='word_1_510' title='bbox 1235 2779 1380 2820; x_wconf 88' lang='lat' dir='ltr'>fuerint</span> <span class='ocrx_word' id='word_1_511' title='bbox 1394 2810 1406 2828; x_wconf 91' lang='lat'><strong>‚</strong></span> <span class='ocrx_word' id='word_1_512' title='bbox 1428 2778 1631 2835; x_wconf 80' lang='lat' dir='ltr'>scripserit.</span> <span class='ocrx_word' id='word_1_513' title='bbox 1661 2786 1727 2824; x_wconf 82' lang='lat' dir='ltr'>Si-</span> 
     </span>
    </p>
   </div>
   <div class='ocr_carea' id='block_1_9' title="bbox 910 2835 1732 3122">
    <p class='ocr_par' dir='ltr' id='par_1_19' title="bbox 910 2835 1732 3122">
     <span class='ocr_line' id='line_1_89' title="bbox 910 2835 1723 2893; baseline 0.01 -19"><span class='ocrx_word' id='word_1_514' title='bbox 910 2835 1006 2888; x_wconf 58' lang='lat' dir='ltr'>bylla</span> <span class='ocrx_word' id='word_1_515' title='bbox 1019 2848 1149 2876; x_wconf 84' lang='lat' dir='ltr'>autem</span> <span class='ocrx_word' id='word_1_516' title='bbox 1177 2837 1318 2878; x_wconf 87' lang='lat' dir='ltr'>dicitur</span> <span class='ocrx_word' id='word_1_517' title='bbox 1330 2839 1462 2878; x_wconf 90' lang='lat' dir='ltr'>omnis</span> <span class='ocrx_word' id='word_1_518' title='bbox 1475 2840 1599 2893; x_wconf 84' lang='lat' dir='ltr'>puella</span> <span class='ocrx_word' id='word_1_519' title='bbox 1614 2869 1626 2885; x_wconf 90' lang='lat'>‚</span> <span class='ocrx_word' id='word_1_520' title='bbox 1656 2854 1723 2882; x_wconf 87' lang='lat' dir='ltr'>cu·</span> 
     </span>
     <span class='ocr_line' id='line_1_90' title="bbox 914 2894 1726 2949; baseline 0.006 -17"><span class='ocrx_word' id='word_1_521' title='bbox 914 2894 971 2939; x_wconf 84' lang='lat' dir='ltr'>ius</span> <span class='ocrx_word' id='word_1_522' title='bbox 997 2895 1126 2946; x_wconf 73' lang='lat' dir='ltr'>pestus</span> <span class='ocrx_word' id='word_1_523' title='bbox 1150 2908 1297 2936; x_wconf 81' lang='lat' dir='ltr'>numen</span> <span class='ocrx_word' id='word_1_524' title='bbox 1321 2896 1480 2949; x_wconf 85' lang='lat' dir='ltr'>recipit:</span> <span class='ocrx_word' id='word_1_525' title='bbox 1513 2909 1603 2937; x_wconf 86' lang='lat' dir='ltr'>nam</span> <span class='ocrx_word' id='word_1_526' title='bbox 1616 2898 1726 2941; x_wconf 71' lang='lat' dir='ltr'>AEoli</span> 
     </span>
     <span class='ocr_line' id='line_1_91' title="bbox 915 2950 1732 3008; baseline 0.009 -19"><span class='ocrx_word' id='word_1_527' title='bbox 915 2950 992 2992; x_wconf 74' lang='grc' dir='ltr'>στές</span> <span class='ocrx_word' id='word_1_528' title='bbox 1005 2952 1139 2991; x_wconf 88' lang='lat' dir='ltr'>dicunt</span> <span class='ocrx_word' id='word_1_529' title='bbox 1152 2952 1237 2992; x_wconf 83' lang='lat' dir='ltr'>deos</span> <span class='ocrx_word' id='word_1_530' title='bbox 1250 2971 1262 2992; x_wconf 87' lang='lat'>.-</span> <span class='ocrx_word' id='word_1_531' title='bbox 1288 2952 1387 2996; x_wconf 66' lang='grc' dir='ltr'>βελῆ</span> <span class='ocrx_word' id='word_1_532' title='bbox 1398 2957 1732 3008; x_wconf 78' lang='lat' dir='ltr'>autemfintentia:</span> 
     </span>
     <span class='ocr_line' id='line_1_92' title="bbox 913 3007 1723 3064; baseline 0.01 -19"><span class='ocrx_word' id='word_1_533' title='bbox 913 3020 1007 3061; x_wconf 80' lang='lat' dir='ltr'>ergo</span> <span class='ocrx_word' id='word_1_534' title='bbox 1023 3008 1196 3054; x_wconf 57' lang='lat' dir='ltr'>074²de</span> <span class='ocrx_word' id='word_1_535' title='bbox 1208 3007 1309 3064; x_wconf 72' lang='lat' dir='ltr'>quali</span> <span class='ocrx_word' id='word_1_536' title='bbox 1325 3009 1508 3053; x_wconf 65' lang='grc' dir='ltr'>στκᾱκλιὶς</span> <span class='ocrx_word' id='word_1_537' title='bbox 1531 3011 1723 3053; x_wconf 79' lang='lat' dir='ltr'>dixerunt.</span> 
     </span>
     <span class='ocr_line' id='line_1_93' title="bbox 915 3065 1732 3122; baseline 0.01 -19"><span class='ocrx_word' id='word_1_538' title='bbox 915 3065 1013 3104; x_wconf 84' lang='lat' dir='ltr'>Inde</span> <span class='ocrx_word' id='word_1_539' title='bbox 1025 3065 1079 3107; x_wconf 85' lang='lat' dir='ltr'>est</span> <span class='ocrx_word' id='word_1_540' title='bbox 1095 3095 1109 3115; x_wconf 90' lang='lat'><em>,</em></span> <span class='ocrx_word' id='word_1_541' title='bbox 1139 3072 1314 3122; x_wconf 73' lang='lat' dir='ltr'>Magnam</span> <span class='ocrx_word' id='word_1_542' title='bbox 1323 3070 1379 3107; x_wconf 84' lang='lat' dir='ltr'>cui</span> <span class='ocrx_word' id='word_1_543' title='bbox 1390 3079 1541 3110; x_wconf 78' lang='lat' dir='ltr'>mentem</span> <span class='ocrx_word' id='word_1_544' title='bbox 1549 3073 1732 3111; x_wconf 73' lang='lat' dir='ltr'>animum-</span> 
     </span>
    </p>
   </div>
   <div class='ocr_carea' id='block_1_10' title="bbox 10 3119 1729 3182">
    <p class='ocr_par' dir='ltr' id='par_1_20' title="bbox 10 3119 1729 3182">
     <span class='ocr_line' id='line_1_94' title="bbox 10 3119 1729 3182; baseline 0.003 -22"><span class='ocrx_word' id='word_1_545' title='bbox 10 3143 11 3146; x_wconf 62' lang='lat'><em>=</em></span> <span class='ocrx_word' id='word_1_546' title='bbox 44 3119 121 3167; x_wconf 69' lang='grc' dir='ltr'>νίας</span> <span class='ocrx_word' id='word_1_547' title='bbox 144 3123 451 3182; x_wconf 61' lang='lat' dir='ltr'>apgellaverunt:</span> <span class='ocrx_word' id='word_1_548' title='bbox 485 3135 578 3165; x_wconf 86' lang='lat' dir='ltr'>nam</span> <span class='ocrx_word' id='word_1_549' title='bbox 604 3121 711 3178; x_wconf 76' lang='lat' dir='ltr'>supra</span> <span class='ocrx_word' id='word_1_550' title='bbox 734 3121 860 3166; x_wconf 81' lang='lat' dir='ltr'>sensus</span> <span class='ocrx_word' id='word_1_551' title='bbox 912 3138 978 3178; x_wconf 81' lang='lat' dir='ltr'>que</span> <span class='ocrx_word' id='word_1_552' title='bbox 1003 3128 1130 3166; x_wconf 76' lang='lat' dir='ltr'>Delius</span> <span class='ocrx_word' id='word_1_553' title='bbox 1156 3125 1303 3180; x_wconf 69' lang='lat' dir='ltr'>inspirat</span> <span class='ocrx_word' id='word_1_554' title='bbox 1326 3136 1448 3169; x_wconf 71' lang='lat' dir='ltr'>vates.</span> <span class='ocrx_word' id='word_1_555' title='bbox 1480 3132 1579 3168; x_wconf 81' lang='lat' dir='ltr'>Sane</span> <span class='ocrx_word' id='word_1_556' title='bbox 1602 3125 1729 3166; x_wconf 85' lang='lat' dir='ltr'>scien-</span> 
     </span>
    </p>
   </div>
   <div class='ocr_carea' id='block_1_11' title="bbox 1635 3182 1730 3227">
    <p class='ocr_par' dir='ltr' id='par_1_21' title="bbox 1635 3182 1730 3227">
     <span class='ocr_line' id='line_1_95' title="bbox 1635 3182 1730 3227; baseline 0.042 -4"><span class='ocrx_word' id='word_1_557' title='bbox 1635 3182 1730 3227; x_wconf 80' lang='lat' dir='ltr'>dum</span> 
     </span>
    </p>
   </div>
  </div>
 </body>
</html>
