2037 3787
323 104 404 180 48

797 102 901 162 ΗΡ,
984 102 1578 164 VIRG1.L11

349 213 351 215 ’
453 199 607 257 Gens
627 197 836 257 inimica
848 199 976 259 mihi
988 201 1326 281 Tyrrhenum
1344 209 1549 290 navigat
1567 233 1775 292 aequor5

326 463 389 515 ybs.
398 479 418 506 2
429 479 463 506 1.
910 497 912 499 >

378 521 501 562 Keivov
516 518 563 573 ’β
576 521 727 572 πιμίζω
741 521 890 573 οἶνὲμων
904 520 1034 565 :winae
1049 537 1134 575 ³⁶69-

493 580 573 618 νίων

321 677 323 680 ,
381 639 420 674 Η
465 635 503 684 fi:
542 635 748 689 πωυὲμςζμα]
763 664 776 682 ,
808 632 880 687 vids
905 634 1085 689 ὀρνόμςμον
1096 636 1132 675 κ’

491 691 655 733 ‘denno-1.

321 747 480 791 Bolum
500 763 641 804 patrem
666 760 850 789 ventorum
876 749 1040 806 appellat
1050 754 1132 801 Ho-

323 817 396 845 rat.
411 807 436 844 l.
450 821 479 844 t.
496 805 587 860 od.3
601 835 609 846 .
639 805 845 860 Emmeizeffss

325 911 329 914 μ
380 862 509 901 Tollere
523 865 663 916 venta]
693 865 812 904 Reste
831 863 968 917 legitur
984 893 996 910 ,
1007 875 1134 903 vento:

322 931 408 957 non
424 946 439 964 ‚
452 932 576 960 ventos
591 950 602 968 ‚
619 921 761 970 iudicio
775 921 934 974 quidem
948 919 1131 973 H.Steph.

321 975 728 1030 Erythraei‚1³impont.
755 974 1134 1017 HortenfiNascimb.

322 1032 518 1085 scaligeri,
535 1035 644 1087 ipsius
659 1036 804 1081 Servii,
816 1035 1055 1089 aliorumque
1070 1048 1080 1071 ε
1095 1047 1136 1074 ut

319 1089 562 1142 intelligatur
578 1121 590 1139 ‚
621 1089 776 1132 eosdem
801 1091 935 1131 fluctus
957 1093 1156 1131 attollere-

319 1157 435 1200 atque
458 1147 594 1188 inflare
617 1178 630 1196 ,
672 1160 830 1188 ventum
864 1149 1130 1188 immittendo.

323 1204 458 1257 Sitque
482 1203 676 1258 singularis
690 1218 758 1258 pro
781 1206 928 1258 plurali.
962 1205 1134 1263 Qidam

318 1273 519 1313 exponunt
534 1277 542 1300 :
559 1265 706 1304 veluno
719 1273 849 1303 vento.
869 1265 1010 1303 Taubm.

378 1318 446 1367 67.
477 1322 604 1372 Gens]
629 1326 764 1360 Sermo
783 1320 859 1367 hic,
878 1321 918 1359 δε
933 1323 1134 1363 nationem

323 1372 531 1427 fignificat,
558 1379 597 1416 ὃς
622 1377 839 1423 familiam3
871 1374 934 1416 sed
960 1391 1065 1418 nunc
1088 1380 1135 1419 ad

326 1443 530 1486 utrumque
558 1434 682 1485 potest
706 1434 855 1473 referri.
887 1447 977 1473 nam
1001 1446 1065 1475 aut
1090 1437 1136 1476 ad

320 1486 516 1528 familiam
531 1494 659 1531 AEneae
672 1521 686 1540 ,
718 1503 783 1531 aut
795 1491 843 1531 ad
863 1493 1028 1541 Trojarn
1041 1506 1137 1547 gen-

325 1555 408 1583 tem
420 1545 591 1587 refertur.
623 1556 724 1588 Serv.

379 1605 602 1656 Gensinim.]
629 1608 795 1646 Hicnon
819 1605 1043 1646 nominavit
1067 1611 1136 1665 ᾆ-

323 1665 466 1706 neam,
493 1675 543 1700 ne
578 1661 825 1715 responderet
861 1665 1020 1711 reolus,
1052 1676 1135 1703 non

320 1717 445 1756 audeo
459 1719 500 1757 in
516 1731 697 1771 nepotem
725 1721 831 1759 Iovis
845 1748 857 1766 ,
883 1716 904 1759 {1
919 1734 996 1776 quo
1009 1720 1135 1774 impe-

325 1773 424 1813 rium
439 1772 585 1828 fiunpfi.
619 1778 785 1830 Speciale
797 1777 913 1830 igitur
937 1776 1133 1826 subtraxit,

320 1833 504 1884 generale
515 1830 653 1885 posuit.
687 1841 859 1881 Donatus.

381 1892 569 1943 Inimica]
596 1894 687 1931 Non
715 1892 808 1931 dicit
831 1889 868 1930 se
881 1892 990 1944 genti
1003 1891 1140 1931 inimi-

322 1945 408 1986 eam
423 1974 435 1992 ‚
462 1948 523 1985 sed
535 1960 694 2000 gentem
708 1946 801 1996 fibi,
817 1948 916 2003 quasi
929 1948 1136 1988 inferiores

322 2004 520 2059 potiorem
548 2017 772 2058 provocent.
826 2019 906 2059 quae
929 2020 989 2046 res
1014 2008 1134 2045 etiam

324 2062 443 2104 ffiolo
455 2062 772 2115 indignationem
784 2074 918 2103 movet
928 2092 939 2110 ,
963 2074 1004 2103 ut
1017 2066 1140 2104 Iuno-

324 2121 370 2159 ni
384 2118 598 2159 auxilietur.
631 2121 748 2160 Idem.
875 2157 878 2162 .

383 2176 639 2229 Tyrrhenum]
675 2177 918 2231 Tyrrhenum
940 2190 1050 2230 >mare
1076 2176 1136 2217 di-

324 2234 431 2274 stum
445 2232 498 2272 est
514 2262 526 2278 ,
552 2234 612 2272 vel
627 2235 731 2289 quod
743 2231 920 2279 Tusciam
932 2236 1041 2274 alluit
1057 2263 1068 2279 ‚
1097 2234 1138 2274 id

322 2292 390 2337 est,
409 2289 674 2342 Tyrrheniam.
699 2290 916 2346 Tyrrhenus
929 2292 1036 2331 enim
1049 2305 1136 2332 cum

321 2346 443 2388 fratre
467 2347 578 2401 Lydo
591 2362 752 2402 regnum
766 2362 809 2387 ea
823 2349 1064 2401 indulgentia
1078 2359 1136 2387 te-

324 2405 440 2453 nuit,
469 2416 510 2444 ut
533 2406 671 2458 ingens
693 2405 910 2460 frequentia
934 2406 1066 2457 populi
1079 2405 1138 2444 his

302 2463 596 2514 -eontingeret,
626 2476 705 2516 quae
729 2460 836 2503 causa
859 2460 1051 2501 summam
1077 2475 1139 2501 re-

322 2532 411 2559 rum
435 2518 527 2559 fecit
549 2520 723 2572 inopiam
738 2549 749 2566 ‚
781 2520 890 2565 nullo
903 2520 1067 2572 patriam
1079 2533 1137 2559 re-

319 2577 550 2631 linquente,
582 2588 646 2617 aut
693 2579 848 2616 volente
887 2577 1136 2629 peregrinari,

322 2634 412 2687 quia
424 2644 530 2673 tanta
545 2633 701 2677 bonitas
713 2635 849 2687 eratin
862 2632 1032 2686 regibus;
1048 2646 1141 2672 con-

321 2690 447 2731 filium
459 2692 579 2743 igitur
595 2689 808 2730 habuerunt
829 2718 840 2735 ,
857 2701 897 2729 ut
906 2691 1041 2742 partiti
1054 2700 1136 2730 tur-

320 2747 549 2804 bam‚quam
560 2749 662 2788 alere
680 2761 762 2787 non
775 2758 970 2800 poterant,
983 2747 1143 2786 alternis

320 2804 457 2846 diebus
470 2803 707 2844 abstinerent
732 2802 753 2844 a
775 2803 898 2852 cibis,
926 2801 1136 2857 lusibusque

321 2874 502 2902 vacarent
517 2890 530 2908 ‚
554 2873 670 2916 atque
697 2861 765 2901 hac
780 2859 931 2901 lascivia
943 2862 1135 2914 excogita-

322 2931 462 2959 verunt
475 2948 486 2966 ‚
512 2919 679 2958 talorum
694 2917 986 2971 tesserarumque
999 2920 1136 2966 iac'tus,

320 2972 673 3031 pilaequelusum‚&
688 2976 790 3015 tibiae
803 2975 1136 3022 modulationem,

322 3034 363 3073 &
377 3043 610 3073 concentum
622 3031 857 3086 symphoniae
869 3032 1138 3087 tubarumque,

1850 300 2004 381 Ilium

1181 480 1269 509 rent
1292 473 1342 521 iej
1350 474 1495 516 unium.
1525 476 1735 518 Novissime
1757 492 1887 520 tamen
1912 485 2000 537 quia

1188 528 1361 569 vincebat
1389 531 1586 572 necessitas
1599 563 1615 583 ,
1646 548 1715 575 nec
1744 539 1820 576 ulla
1845 539 2000 582 confina

1189 582 1335 630 famem
1348 589 1561 630 relevarent
1576 605 1585 629 :
1614 590 1741 647 sortiti
1752 594 1840 633 sunt
1852 608 1937 636 uter
1951 611 1999 639 ex

1188 638 1368 682 fratribus
1392 657 1480 685 cum
1503 660 1608 699 parte
1633 650 1923 702 populiabiret,
1953 655 1997 696 in

1191 707 1280 750 quas
1292 696 1506 742 sor‘sfterras
1520 704 1676 746 dediffet
1693 722 1701 746 :
1729 720 1817 748 cum
1831 710 1997 763 Tyrrhe-

1190 767 1263 794 nus
1286 753 1388 796 sorte
1408 757 1521 805 jussus
1545 759 1777 812 discederet,
1808 766 1852 805 in
1878 770 1999 816 mari,

1189 811 1292 863 quod
1305 813 1546 867 Tyrrhenum
1560 817 1608 858 ab
1621 833 1669 860 eo
1680 826 1994 875 vocatur‚.periit2

1189 870 1310 918 Cujus
1334 870 1435 910 filius
1461 871 1601 914 Tuscus
1621 890 1706 917 curn
1731 882 1874 932 populo
1886 881 2000 922 evafit

1188 924 1231 963 in
1254 927 1456 980 regionem
1469 927 1646 979 Tusciam
1662 962 1674 979 ‚
1705 948 1783 989 quae
1796 935 1844 975 ab
1857 951 1906 977 eo
1920 951 1997 978 no-

1187 989 1290 1022 men'
1315 986 1471 1038 accepit.
1520 988 1589 1027 Vel
1612 1002 1713 1031 certe
1737 989 1759 1031 a
1783 994 1998 1046 Tyrrhenis

1187 1040 1342 1087 nautis,
1372 1044 1438 1096 qui
1463 1040 1498 1082 se
1523 1044 1564 1083 in
1590 1044 1663 1085 hoc
1673 1060 1778 1088 mare
1791 1051 1998 1104 praecipita-

1188 1108 1335 1137 verunt.
1353 1103 1529 1155 Namque
1541 1099 1614 1142 hoc
1626 1103 1739 1145 habet
1748 1104 2000 1149 fabulaznora

1190 1154 1380 1196 mientem
1404 1158 1448 1197 in
1473 1159 1588 1198 litore
1629 1160 1811 1202 Liberum
1848 1176 1998 1218 patrem

1188 1222 1346 1262 puerum
1363 1240 1378 1261 ,
1407 1226 1539 1255 nautas
1563 1215 1750 1259 abstulisse
1762 1221 2000 1273 Tyrrhenos,

1189 1268 1252 1321 qui
1265 1282 1382 1322 quum
1396 1269 1485 1311 effet
1502 1276 1735 1326 experrectus
1747 1277 1790 1316 in
1802 1279 1904 1324 navi,
1921 1293 2000 1335 quo

1189 1325 1384 1367 duceretur
1407 1329 1685 1382 interrogavit3
1715 1332 2000 1386 responderunt

1185 1380 1269 1428 illi,
1286 1397 1362 1437 quo
1375 1386 1502 1426 vellet.
1528 1387 1647 1428 Liber
1659 1389 1714 1428 ait
1729 1418 1740 1436 ,
1771 1391 1834 1430 Ad
1848 1395 1997 1435 Naxum

1189 1437 1349 1480 insulam
1363 1439 1432 1481 fibi
1445 1439 1708 1485 sacratam-At
1722 1447 1779 1486 illi
1794 1461 1997 1500 coeperunt

1186 1495 1264 1534 alio
1280 1499 1359 1537 vela
1384 1498 1582 1540 deflestere
1596 1529 1613 1550 ,
1643 1503 1897 1556 quamobrem
1922 1508 1999 1546 ira-

1187 1563 1271 1594 tum
1297 1558 1598 1610 numen-Tigres
1624 1559 1691 1599 fibi
1715 1558 1874 1600 sacratas
1893 1563 1996 1611 juffit

1188 1609 1309 1650 videri
1331 1640 1346 1660 ,
1375 1625 1453 1667 quo
1477 1625 1624 1655 terrore
1647 1616 1684 1656 se
1709 1618 1763 1657 illi
1787 1621 1998 1674 praecipites

1187 1667 1349 1716 dantes,
1378 1670 1477 1709 mari
1503 1684 1652 1715 nomen
1677 1674 1876 1715 dederunt.
1913 1680 1997 1719 Alii

1187 1724 1334 1774 dicunt,
1359 1726 1639 1781 quodstuprum
1665 1730 1809 1772 Libero
1821 1735 1998 1786 patriin-

1182 1781 1283 1822 ferre
1307 1794 1617 1838 temptaverunt,
1641 1788 1683 1827 a'c
1707 1800 1908 1845 propterea
1921 1792 1997 1833 hoc

1184 1842 1427 1893 pertulerint.
1459 1847 1615 1884 Servius.
1743 1858 1745 1861 ’
1904 1860 1906 1862 ’

1244 1898 1493 1951 Tyrrhenum]
1520 1901 1638 1959 Qiod
1659 1901 1808 1943 facilius
1819 1904 2004 1946 concitaa·

1186 1960 1246 1994 tur
1260 1956 1300 1993 &
1317 1956 1434 1995 Italiae
1446 1957 1607 1998 vicinius
1620 1958 1684 1998 est.
1713 1966 1884 2002 Donatus.

1245 2012 1381 2064 Mihi-J
1413 2014 1568 2066 Reginae
1594 2016 1634 2055 &
1659 2018 1770 2072 Jovis
1801 2016 1924 2058 sorori
1950 2021 1992 2060 &

1187 2069 1367 2122 conjugi,
1384 2067 1502 2124 quod,
1518 2085 1567 2112 ne
1585 2085 1768 2127 arrogans
1780 2075 1990 2126 videretur,

1185 2123 1382 2165 subtraxit.
1413 2128 1527 2167 Idem.

1241 2184 1340 2222 Mihi
1353 2186 1540 2240 navigan]
1572 2186 1616 2227 Id
1630 2185 1682 2227 est
1699 2215 1711 2234 ,
1722 2186 1766 2227 in
1779 2202 1910 2229 meum
1923 2190 1997 2230 doa

1184 2239 1322 2278 lorem.
1355 2245 1510 2281 Servius.

1240 2300 1400 2352 Navigat
1426 2301 1578 2353 aequor.]
1615 2300 1749 2353 Figura
1777 2305 1904 2342 Gtaeca
1926 2304 1996 2344 est.

1187 2356 1268 2392 Nos
1280 2355 1388 2393 enim
1401 2355 1584 2402 dicimus,
1612 2370 1677 2409 per
1689 2371 1815 2413 aequor
1827 2357 2007 2415 navigat(

1187 2411 1375 2450 Similiter
1388 2413 1505 2453 etiam
1517 2415 1596 2453 alio
1605 2415 1718 2461 loeo,
1753 2422 1999 2465 Terramflna-

1187 2482 1247 2513 re,
1265 2468 1398 2520 sydera
1420 2475 1524 2524 juro.-
1551 2484 1637 2511 cum
1649 2472 1840 2513 Latinitas
1853 2476 1998 2528 exigat,

1187 2534 1227 2563 ut
1247 2524 1405 2565 addatur
1429 2525 1640 2580 praepofitio
1659 2543 1735 2582 per.
1758 2533 1819 2569 ‘Et
1834 2542 1916 2570 non
1931 2544 1996 2571 va-

1184 2590 1245 2618 cat
1260 2608 1277 2628 ,
1305 2582 1409 2633 quod
1425 2584 1639 2636 Tyrrhenum
1652 2584 1799 2625 addidit
1818 2603 1827 2633 ;
1844 2586 1998 2630 videtur

1187 2637 1296 2676 enim
1319 2637 1445 2679 dicere
1467 2641 1546 2692 jam
1569 2641 1624 2680 eis
1648 2643 1805 2683 Italiam
1818 2640 2005 2686 effe‘vici-‘

1189 2706 1294 2733 nam.
1328 2695 1444 2736 Idem.

1245 2754 1407 2807 Navigat
1434 2755 1584 2809 aequor.]
1623 2755 1680 2793 Sic
1707 2755 1748 2794 &
1775 2759 1893 2805 πλὲᾴν
1916 2756 2006 2799 ‘riul-

1187 2805 1383 2849 saxoniam
1398 2809 1677 2851 Demostheni:
1709 2813 1882 2854 &Hom-
1910 2812 1998 2857 ἐπέ-

1187 2865 1422 2918 πλεονόγρρὲ
1435 2868 1609 2907 aaudiat.
1643 2869 1831 2920 Ulpianus
1862 2884 1992 2914 autem

1187 2922 1213 2960 l.
1237 2937 1252 2962 1
1264 2949 1273 2959 .
1288 2923 1326 2973 ξ.
1343 2923 1419 2975 Qui
1433 2922 1643 2979 fintigitur.
1657 2932 1709 2963 Π.
1728 2929 1872 2975 Nauae,
1886 2942 1995 2983 caup.

1187 2977 1280 3018 stab.
1308 2977 1446 3032 paffive
1471 2983 1614 3022 extulit.
1650 2985 1815 3023 Nautam
1829 2987 2000 3039 accipere

1161 3035 1372 3080 ,debemus
1410 3051 1528 3089 eum,
1557 3041 1619 3094 qui
1664 3040 1797 3080 navim
1837 3055 1999 3084 exercet:

321 3089 461 3146 quibus
487 3090 663 3133 advocati
676 3091 778 3133 cives
792 3120 806 3142 ,
832 3085 981 3144 facilius
995 3092 1135 3133 tolera·
1157 3083 1164 3170 J
1185 3095 1360 3149 quamvis
1372 3108 1495 3140 nautae
1507 3097 1747 3153 appellentur
1760 3111 1917 3148 omnes,
1930 3100 1997 3154 qui

1887 3157 2000 3198 navis
